12412071,0.73590000,72.10000000,53.05839000,1704067203235,False,True
12412072,0.73600000,32.20000000,23.69920000,1704067203254,False,True
12412073,0.73600000,20.00000000,14.72000000,1704067203254,False,True
12412074,0.73610000,16.30000000,11.99843000,1704067203420,False,True
12412075,0.73650000,15.40000000,11.34210000,1704067203961,True,True
12412076,0.73660000,538.50000000,396.65910000,1704067204604,False,True
12412077,0.73660000,749.80000000,552.30268000,1704067204608,False,True
12412078,0.73650000,10.50000000,7.73325000,1704067204856,True,True
12412079,0.73670000,175.90000000,129.58553000,1704067206567,False,True
12412080,0.73670000,104.90000000,77.27983000,1704067206567,False,True
12412081,0.73670000,17.10000000,12.59757000,1704067206567,False,True
12412082,0.73680000,538.50000000,396.76680000,1704067206567,False,True
12412083,0.73690000,10.20000000,7.51638000,1704067206621,False,True
12412084,0.73690000,1339.80000000,987.29862000,1704067206621,False,True
12412085,0.73690000,189.40000000,139.56886000,1704067206633,False,True
12412086,0.73690000,193.90000000,142.88491000,1704067206633,False,True
12412087,0.73700000,72.60000000,53.50620000,1704067206633,False,True
12412088,0.73710000,72.00000000,53.07120000,1704067206633,False,True
12412089,0.73710000,126.60000000,93.31686000,1704067206633,False,True
12412090,0.73740000,173.30000000,127.79142000,1704067206666,False,True
12412091,0.73740000,592.70000000,437.05698000,1704067206671,False,True
12412092,0.73740000,495.20000000,365.16048000,1704067206684,False,True
12412093,0.73720000,71.90000000,53.00468000,1704067206973,True,True
12412094,0.73720000,538.50000000,396.98220000,1704067206973,True,True
12412095,0.73710000,173.40000000,127.81314000,1704067206973,True,True
12412096,0.73710000,104.90000000,77.32179000,1704067206973,True,True
12412097,0.73700000,71.90000000,52.99030000,1704067206973,True,True
12412098,0.73690000,369.40000000,272.21086000,1704067206973,True,True
12412099,0.73750000,100.50000000,74.11875000,1704067208052,False,True
12412100,0.73760000,124.90000000,92.12624000,1704067209130,True,True
12412101,0.73750000,71.80000000,52.95250000,1704067215875,True,True
12412102,0.73740000,174.00000000,128.30760000,1704067217237,True,True
12412103,0.73740000,46.70000000,34.43658000,1704067217237,True,True
12412104,0.73730000,195.00000000,143.77350000,1704067217241,True,True
12412105,0.73720000,71.80000000,52.93096000,1704067217244,True,True
12412106,0.73710000,29.10000000,21.44961000,1704067217276,True,True
12412107,0.73710000,162.70000000,119.92617000,1704067217276,True,True
12412108,0.73720000,27.50000000,20.27300000,1704067218655,False,True
12412109,0.73720000,71.80000000,52.93096000,1704067218655,False,True
12412110,0.73730000,130.00000000,95.84900000,1704067218655,False,True
12412111,0.73730000,600.00000000,442.38000000,1704067222325,False,True
12412112,0.73740000,538.50000000,397.08990000,1704067222325,False,True
12412113,0.73750000,43.30000000,31.93375000,1704067222325,False,True
12412114,0.73750000,28.50000000,21.01875000,1704067222325,False,True
12412115,0.73760000,43.30000000,31.93808000,1704067222325,False,True
12412116,0.73760000,28.50000000,21.02160000,1704067222325,False,True
12412117,0.73760000,38.80000000,28.61888000,1704067222325,False,True
12412118,0.73780000,114.90000000,84.77322000,1704067227252,False,True
12412119,0.73790000,15.10000000,11.14229000,1704067227252,False,True
12412120,0.73810000,200.00000000,147.62000000,1704067228628,False,True
12412121,0.73810000,338.50000000,249.84685000,1704067228651,True,True
12412122,0.73800000,78.80000000,58.15440000,1704067228722,True,True
12412123,0.73800000,71.80000000,52.98840000,1704067228722,True,True
12412124,0.73800000,104.90000000,77.41620000,1704067228722,True,True
12412125,0.73810000,127.80000000,94.32918000,1704067228744,True,True
12412126,0.73800000,104.90000000,77.41620000,1704067228767,True,True
12412127,0.73820000,338.60000000,249.95452000,1704067230669,False,True
12412128,0.73830000,43.30000000,31.96839000,1704067230669,False,True
12412129,0.73840000,71.80000000,53.01712000,1704067230669,False,True
12412130,0.73840000,8.40000000,6.20256000,1704067230669,False,True
12412131,0.73840000,202.60000000,149.59984000,1704067230669,False,True
12412132,0.73840000,163.50000000,120.72840000,1704067230669,False,True
12412133,0.73840000,200.00000000,147.68000000,1704067230669,False,True
12412134,0.73860000,71.90000000,53.10534000,1704067230669,False,True
12412135,0.73870000,43.30000000,31.98571000,1704067230669,False,True
12412136,0.73870000,28.50000000,21.05295000,1704067230669,False,True
12412137,0.73880000,5.00000000,3.69400000,1704067230669,False,True
12412138,0.73830000,71.70000000,52.93611000,1704067230746,True,True
12412139,0.73830000,0.10000000,0.07383000,1704067230805,True,True
12412140,0.73830000,71.60000000,52.86228000,1704067230805,True,True
12412141,0.73830000,71.70000000,52.93611000,1704067230827,True,True
12412142,0.73830000,71.70000000,52.93611000,1704067230851,True,True
12412143,0.73830000,71.70000000,52.93611000,1704067230876,True,True
12412144,0.73830000,270.90000000,200.00547000,1704067230900,True,True
12412145,0.73830000,115.20000000,85.05216000,1704067230900,True,True
12412146,0.73790000,71.80000000,52.98122000,1704067231236,True,True
12412147,0.73790000,10.80000000,7.96932000,1704067231236,True,True
12412148,0.73790000,117.40000000,86.62946000,1704067231236,True,True
12412149,0.73840000,46.30000000,34.18792000,1704067238690,True,True
12412150,0.73830000,155.70000000,114.95331000,1704067238694,True,True
12412151,0.73840000,177.20000000,130.84448000,1704067249541,False,True
12412152,0.73850000,200.70000000,148.21695000,1704067249541,False,True
12412153,0.73860000,196.10000000,144.83946000,1704067249541,False,True
12412154,0.73860000,400.00000000,295.44000000,1704067249541,False,True
12412155,0.73870000,196.80000000,145.37616000,1704067256529,False,True
12412156,0.73880000,13.10000000,9.67828000,1704067256529,False,True
12412157,0.73880000,170.30000000,125.81764000,1704067256529,False,True
12412158,0.73890000,7.70000000,5.68953000,1704067256529,False,True
12412159,0.73890000,71.80000000,53.05302000,1704067256529,False,True
12412160,0.73890000,185.40000000,136.99206000,1704067256529,False,True
12412161,0.73890000,200.00000000,147.78000000,1704067256529,False,True
12412162,0.73890000,180.50000000,133.37145000,1704067260528,True,True
12412163,0.73880000,177.90000000,131.43252000,1704067260528,True,True
12412164,0.73880000,11.00000000,8.12680000,1704067260528,True,True
12412165,0.73870000,103.30000000,76.30771000,1704067260528,True,True
12412166,0.73900000,218.60000000,161.54540000,1704067265864,False,True
12412167,0.73910000,200.00000000,147.82000000,1704067265864,False,True
12412168,0.73920000,188.90000000,139.63488000,1704067265864,False,True
12412169,0.73920000,441.10000000,326.06112000,1704067265864,False,True
12412170,0.73930000,43.30000000,32.01169000,1704067265864,False,True
12412171,0.73930000,28.30000000,20.92219000,1704067265864,False,True
12412172,0.73930000,170.00000000,125.68100000,1704067265864,False,True
12412173,0.73940000,43.30000000,32.01602000,1704067265864,False,True
12412174,0.73940000,28.50000000,21.07290000,1704067265864,False,True
12412175,0.73950000,550.10000000,406.79895000,1704067265864,False,True
12412176,0.73950000,145.10000000,107.30145000,1704067265864,False,True
12412177,0.73960000,26.00000000,19.22960000,1704067265864,False,True
12412178,0.73960000,71.70000000,53.02932000,1704067265864,False,True
12412179,0.73960000,87.10000000,64.41916000,1704067265864,False,True
12412180,0.73970000,1895.70000000,1402.24929000,1704067265864,False,True
12412181,0.73930000,71.70000000,53.00781000,1704067266066,True,True
12412182,0.73940000,183.10000000,135.38414000,1704067266094,True,True
12412183,0.73930000,154.90000000,114.51757000,1704067266094,True,True
12412184,0.73940000,71.70000000,53.01498000,1704067266114,True,True
12412185,0.73930000,183.10000000,135.36583000,1704067266114,True,True
12412186,0.73930000,73.50000000,54.33855000,1704067266114,True,True
12412187,0.73940000,59.40000000,43.92036000,1704067268129,True,True
12412188,0.73940000,135.30000000,100.04082000,1704067270315,True,True
12412189,0.73950000,155.80000000,115.21410000,1704067273623,False,True
12412190,0.73920000,10.40000000,7.68768000,1704067275111,True,True
12412191,0.73920000,71.70000000,53.00064000,1704067275111,True,True
12412192,0.73910000,11.10000000,8.20401000,1704067275111,True,True
12412193,0.73910000,71.70000000,52.99347000,1704067275111,True,True
12412194,0.73910000,65.30000000,48.26323000,1704067275111,True,True
12412195,0.73910000,71.60000000,52.91956000,1704067279151,False,True
12412196,0.73920000,71.60000000,52.92672000,1704067279151,False,True
12412197,0.73920000,269.50000000,199.21440000,1704067282508,False,True
12412198,0.73940000,71.70000000,53.01498000,1704067282794,True,True
12412199,0.73930000,71.70000000,53.00781000,1704067282822,True,True
12412200,0.73910000,71.60000000,52.91956000,1704067288142,False,True
12412201,0.73910000,270.60000000,200.00046000,1704067288142,False,True
12412202,0.73890000,10.00000000,7.38900000,1704067291149,True,True
12412203,0.73890000,167.70000000,123.91353000,1704067291149,True,True
12412204,0.73870000,79.20000000,58.50504000,1704067291149,True,True
12412205,0.73870000,364.20000000,269.03454000,1704067291150,True,True
12412206,0.73860000,71.70000000,52.95762000,1704067291150,True,True
12412207,0.73860000,10.60000000,7.82916000,1704067291150,True,True
12412208,0.73860000,353.50000000,261.09510000,1704067291150,True,True
12412209,0.73860000,20.60000000,15.21516000,1704067291150,True,True
12412210,0.73860000,104.90000000,77.47914000,1704067291157,True,True
12412211,0.73860000,178.40000000,131.76624000,1704067295640,True,True
12412212,0.73870000,270.70000000,199.96609000,1704067297282,False,True
12412213,0.73870000,104.90000000,77.48963000,1704067297282,False,True
12412214,0.73880000,71.70000000,52.97196000,1704067297282,False,True
12412215,0.73880000,167.10000000,123.45348000,1704067297282,False,True
12412216,0.73880000,277.50000000,205.01700000,1704067297282,False,True
12412217,0.73880000,177.20000000,130.91536000,1704067297282,False,True
12412218,0.73880000,200.00000000,147.76000000,1704067297282,False,True
12412219,0.73890000,71.70000000,52.97913000,1704067297282,False,True
12412220,0.73900000,71.70000000,52.98630000,1704067297282,False,True
12412221,0.73900000,157.30000000,116.24470000,1704067297282,False,True
12412222,0.73900000,214.90000000,158.81110000,1704067297282,False,True
12412223,0.73900000,486.00000000,359.15400000,1704067297282,False,True
12412224,0.73900000,1438.90000000,1063.34710000,1704067297282,False,True
12412225,0.73930000,8.70000000,6.43191000,1704067324428,True,True
12412226,0.73910000,362.80000000,268.14548000,1704067329973,True,True
12412227,0.73910000,20.70000000,15.29937000,1704067329973,True,True
12412228,0.73910000,20.40000000,15.07764000,1704067329973,True,True
12412229,0.73900000,1903.00000000,1406.31700000,1704067342418,True,True
12412230,0.73900000,165.60000000,122.37840000,1704067342418,True,True
12412231,0.73900000,12.40000000,9.16360000,1704067342418,True,True
12412232,0.73880000,71.70000000,52.97196000,1704067342421,True,True
12412233,0.73880000,15.10000000,11.15588000,1704067342421,True,True
12412234,0.73880000,104.90000000,77.50012000,1704067342422,True,True
12412235,0.73870000,173.20000000,127.94284000,1704067354926,True,True
12412236,0.73870000,11.00000000,8.12570000,1704067354926,True,True
12412237,0.73870000,273.60000000,202.10832000,1704067354926,True,True
12412238,0.73860000,71.70000000,52.95762000,1704067354926,True,True
12412239,0.73860000,1817.10000000,1342.11006000,1704067354926,True,True
12412240,0.73860000,11.10000000,8.19846000,1704067354926,True,True
12412241,0.73860000,351.40000000,259.54404000,1704067354926,True,True
12412242,0.73850000,71.70000000,52.95045000,1704067354926,True,True
12412243,0.73850000,10.20000000,7.53270000,1704067354926,True,True
12412244,0.73850000,200.00000000,147.70000000,1704067354926,True,True
12412245,0.73840000,11.00000000,8.12240000,1704067354936,True,True
12412246,0.73840000,10.30000000,7.60552000,1704067354936,True,True
12412247,0.73840000,104.90000000,77.45816000,1704067354936,True,True
12412248,0.73830000,10.00000000,7.38300000,1704067354991,True,True
12412249,0.73830000,71.70000000,52.93611000,1704067354991,True,True
12412250,0.73830000,142.20000000,104.98626000,1704067354991,True,True
12412251,0.73830000,10.40000000,7.67832000,1704067354991,True,True
12412252,0.73820000,71.70000000,52.92894000,1704067354996,True,True
12412253,0.73820000,10.50000000,7.75110000,1704067354996,True,True
12412254,0.73810000,143.50000000,105.91735000,1704067354999,True,True
12412255,0.73810000,10.60000000,7.82386000,1704067354999,True,True
12412256,0.73810000,104.90000000,77.42669000,1704067354999,True,True
12412257,0.73790000,20.00000000,14.75800000,1704067355769,True,True
12412258,0.73790000,90.80000000,67.00132000,1704067355769,True,True
12412259,0.73790000,9.20000000,6.78868000,1704067355769,True,True
12412260,0.73790000,31.40000000,23.17006000,1704067355769,True,True
12412261,0.73790000,22.90000000,16.89791000,1704067355772,True,True
12412262,0.73770000,71.80000000,52.96686000,1704067355772,True,True
12412263,0.73770000,10.30000000,7.59831000,1704067355772,True,True
12412264,0.73760000,10.20000000,7.52352000,1704067355772,True,True
12412265,0.73760000,10.40000000,7.67104000,1704067355772,True,True
12412266,0.73750000,10.50000000,7.74375000,1704067355772,True,True
12412267,0.73750000,133.20000000,98.23500000,1704067355772,True,True
12412268,0.73740000,10.60000000,7.81644000,1704067355789,True,True
12412269,0.73730000,30.00000000,22.11900000,1704067355789,True,True
12412270,0.73730000,10.70000000,7.88911000,1704067355789,True,True
12412271,0.73730000,200.00000000,147.46000000,1704067355789,True,True
12412272,0.73720000,10.30000000,7.59316000,1704067355789,True,True
12412273,0.73720000,8.40000000,6.19248000,1704067355789,True,True
12412274,0.73710000,14.00000000,10.31940000,1704067356004,True,True
12412275,0.73720000,178.70000000,131.73764000,1704067359861,False,True
12412276,0.73730000,104.90000000,77.34277000,1704067359861,False,True
12412277,0.73730000,326.10000000,240.43353000,1704067359861,False,True
12412278,0.73730000,270.50000000,199.43965000,1704067359861,False,True
12412279,0.73740000,400.00000000,294.96000000,1704067359861,False,True
12412280,0.73750000,71.80000000,52.95250000,1704067359861,False,True
12412281,0.73750000,127.20000000,93.81000000,1704067359861,False,True
12412282,0.73720000,138.00000000,101.73360000,1704067397657,False,True
12412283,0.73720000,15.90000000,11.72148000,1704067397657,False,True
12412284,0.73730000,198.90000000,146.64897000,1704067397657,False,True
12412285,0.73730000,199.00000000,146.72270000,1704067397657,False,True
12412286,0.73730000,270.80000000,199.66084000,1704067397657,False,True
12412287,0.73740000,272.90000000,201.23646000,1704067397657,False,True
12412288,0.73740000,71.90000000,53.01906000,1704067397657,False,True
12412289,0.73740000,200.00000000,147.48000000,1704067397657,False,True
12412290,0.73760000,10.20000000,7.52352000,1704067397657,False,True
12412291,0.73760000,71.90000000,53.03344000,1704067397657,False,True
12412292,0.73760000,329.60000000,243.11296000,1704067397657,False,True
12412293,0.73760000,535.80000000,395.20608000,1704067397657,False,True
12412294,0.73770000,71.80000000,52.96686000,1704067397657,False,True
12412295,0.73770000,10.30000000,7.59831000,1704067397657,False,True
12412296,0.73770000,11.00000000,8.11470000,1704067397657,False,True
12412297,0.73770000,145.00000000,106.96650000,1704067397657,False,True
12412298,0.73780000,71.80000000,52.97404000,1704067397657,False,True
12412299,0.73780000,10.40000000,7.67312000,1704067397657,False,True
12412300,0.73790000,71.70000000,52.90743000,1704067397657,False,True
12412301,0.73790000,10.50000000,7.74795000,1704067397657,False,True
12412302,0.73790000,491.00000000,362.30890000,1704067397657,False,True
12412303,0.73800000,141.50000000,104.42700000,1704067397657,False,True
12412304,0.73800000,127.60000000,94.16880000,1704067397657,False,True
12412305,0.73800000,10.60000000,7.82280000,1704067397657,False,True
12412306,0.73810000,71.80000000,52.99558000,1704067397657,False,True
12412307,0.73810000,11.10000000,8.19291000,1704067397657,False,True
12412308,0.73810000,10.70000000,7.89767000,1704067397657,False,True
12412309,0.73820000,71.10000000,52.48602000,1704067397657,False,True
12412310,0.73820000,71.80000000,53.00276000,1704067397657,False,True
12412311,0.73820000,10.80000000,7.97256000,1704067397657,False,True
12412312,0.73830000,71.70000000,52.93611000,1704067397657,False,True
12412313,0.73830000,140.30000000,103.58349000,1704067397657,False,True
12412314,0.73830000,127.60000000,94.20708000,1704067397657,False,True
12412315,0.73830000,10.90000000,8.04747000,1704067397657,False,True
12412316,0.73830000,902.10000000,666.02043000,1704067397657,False,True
12412317,0.73840000,417.50000000,308.28200000,1704067397657,False,True
12412318,0.73840000,1986.60000000,1466.90544000,1704067397657,False,True
12412319,0.73840000,10.30000000,7.60552000,1704067397657,False,True
12412320,0.73850000,1203.70000000,888.93245000,1704067397657,False,True
12412321,0.73850000,10.20000000,7.53270000,1704067397657,False,True
12412322,0.73850000,10.40000000,7.68040000,1704067397657,False,True
12412323,0.73860000,71.70000000,52.95762000,1704067397657,False,True
12412324,0.73860000,138.20000000,102.07452000,1704067397657,False,True
12412325,0.73860000,1469.80000000,1085.59428000,1704067397657,False,True
12412326,0.73860000,407.20000000,300.75792000,1704067397657,False,True
12412327,0.73880000,71.50000000,52.82420000,1704067397657,False,True
12412328,0.73880000,4432.30000000,3274.58324000,1704067397657,False,True
12412329,0.73880000,2830.10000000,2090.87788000,1704067397657,False,True
12412330,0.73890000,71.70000000,52.97913000,1704067397657,False,True
12412331,0.73890000,2832.80000000,2093.15592000,1704067397657,False,True
12412332,0.73890000,10.40000000,7.68456000,1704067397657,False,True
12412333,0.73890000,1309.90000000,967.88511000,1704067397657,False,True
12412334,0.73900000,71.50000000,52.83850000,1704067397657,False,True
12412335,0.73910000,71.70000000,52.99347000,1704067397657,False,True
12412336,0.73910000,937.00000000,692.53670000,1704067397657,False,True
12412337,0.73920000,417.50000000,308.61600000,1704067397657,False,True
12412338,0.73930000,71.70000000,53.00781000,1704067397657,False,True
12412339,0.73930000,1608.60000000,1189.23798000,1704067397657,False,True
12412340,0.73930000,10.50000000,7.76265000,1704067397657,False,True
12412341,0.73950000,71.70000000,53.02215000,1704067397657,False,True
12412342,0.73960000,119.20000000,88.16032000,1704067397657,False,True
12412343,0.73960000,71.70000000,53.02932000,1704067397657,False,True
12412344,0.73960000,3000.00000000,2218.80000000,1704067397657,False,True
12412345,0.73970000,71.40000000,52.81458000,1704067397657,False,True
12412346,0.73970000,119.20000000,88.17224000,1704067397657,False,True
12412347,0.73970000,10.60000000,7.84082000,1704067397657,False,True
12412348,0.73980000,71.00000000,52.52580000,1704067397657,False,True
12412349,0.73980000,2972.90000000,2199.35142000,1704067397657,False,True
12412350,0.73980000,260.30000000,192.56994000,1704067397657,False,True
12412351,0.73990000,55.70000000,41.21243000,1704067397657,False,True
12412352,0.73990000,71.70000000,53.05083000,1704067397657,False,True
12412353,0.74000000,417.50000000,308.95000000,1704067397657,False,True
12412354,0.74010000,10.70000000,7.91907000,1704067397657,False,True
12412355,0.74020000,68.50000000,50.70370000,1704067397657,False,True
12412356,0.74050000,17.60000000,13.03280000,1704067397657,False,True
12412357,0.74050000,10.80000000,7.99740000,1704067397657,False,True
12412358,0.74080000,417.50000000,309.28400000,1704067397657,False,True
12412359,0.74090000,71.60000000,53.04844000,1704067397657,False,True
12412360,0.74090000,10.90000000,8.07581000,1704067397657,False,True
12412361,0.74100000,32.20000000,23.86020000,1704067397657,False,True
12412362,0.74120000,703.80000000,521.65656000,1704067397657,False,True
12412363,0.74130000,11.60000000,8.59908000,1704067397657,False,True
12412364,0.74130000,11.00000000,8.15430000,1704067397657,False,True
12412365,0.74140000,114.30000000,84.74202000,1704067397657,False,True
12412366,0.74140000,1032.00000000,765.12480000,1704067397657,False,True
12412367,0.74140000,85.80000000,63.61212000,1704067397657,False,True
12412368,0.73920000,104.90000000,77.54208000,1704067397666,True,True
12412369,0.74130000,104.90000000,77.76237000,1704067397666,False,True
12412370,0.74140000,28.50000000,21.12990000,1704067397666,False,True
12412371,0.74140000,114.30000000,84.74202000,1704067397666,False,True
12412372,0.74140000,114.30000000,84.74202000,1704067397666,False,True
12412373,0.74140000,114.30000000,84.74202000,1704067397666,False,True
12412374,0.74140000,114.30000000,84.74202000,1704067397666,False,True
12412375,0.74140000,114.30000000,84.74202000,1704067397666,False,True
12412376,0.74140000,114.30000000,84.74202000,1704067397666,False,True
12412377,0.74140000,114.30000000,84.74202000,1704067397666,False,True
12412378,0.74140000,113.40000000,84.07476000,1704067397666,False,True
12412379,0.74150000,114.30000000,84.75345000,1704067397666,False,True
12412380,0.74150000,76.90000000,57.02135000,1704067397666,False,True
12412381,0.74150000,315.90000000,234.23985000,1704067397666,False,True
12412382,0.74150000,702.20000000,520.68130000,1704067397666,False,True
12412383,0.74160000,114.90000000,85.20984000,1704067397666,False,True
12412384,0.74160000,114.90000000,85.20984000,1704067397666,False,True
12412385,0.74160000,114.90000000,85.20984000,1704067397666,False,True
12412386,0.74160000,114.90000000,85.20984000,1704067397666,False,True
12412387,0.74160000,114.90000000,85.20984000,1704067397666,False,True
12412388,0.74160000,114.90000000,85.20984000,1704067397666,False,True
12412389,0.74160000,114.90000000,85.20984000,1704067397666,False,True
12412390,0.74160000,114.90000000,85.20984000,1704067397666,False,True
12412391,0.74160000,114.90000000,85.20984000,1704067397666,False,True
12412392,0.74160000,114.20000000,84.69072000,1704067397666,False,True
12412393,0.74170000,11.10000000,8.23287000,1704067397666,False,True
12412394,0.74210000,10.20000000,7.56942000,1704067397666,False,True
12412395,0.74240000,726.20000000,539.13088000,1704067397666,False,True
12412396,0.73920000,9.00000000,6.65280000,1704067397667,True,True
12412397,0.74120000,157.30000000,116.59076000,1704067397668,False,True
12412398,0.74240000,42.70000000,31.70048000,1704067397668,False,True
12412399,0.74000000,104.90000000,77.62600000,1704067397668,True,True
12412400,0.74110000,180.50000000,133.76855000,1704067397669,False,True
12412401,0.74120000,449.50000000,333.16940000,1704067397669,False,True
12412402,0.74000000,104.90000000,77.62600000,1704067397670,True,True
12412403,0.74120000,630.00000000,466.95600000,1704067397670,False,True
12412404,0.74120000,427.90000000,317.15948000,1704067397670,False,True
12412405,0.74130000,286.00000000,212.01180000,1704067397670,False,True
12412406,0.74000000,9.00000000,6.66000000,1704067397670,True,True
12412407,0.74040000,481.00000000,356.13240000,1704067397670,False,True
12412408,0.74040000,98.90000000,73.22556000,1704067397672,False,True
12412409,0.74000000,9.00000000,6.66000000,1704067397674,True,True
12412410,0.74040000,125.50000000,92.92020000,1704067397675,False,True
12412411,0.74000000,9.00000000,6.66000000,1704067397677,True,True
12412412,0.74000000,9.00000000,6.66000000,1704067397678,True,True
12412413,0.74000000,171.70000000,127.05800000,1704067397684,True,True
12412414,0.74000000,71.90000000,53.20600000,1704067397684,True,True
12412415,0.74000000,190.00000000,140.60000000,1704067397694,True,True
12412416,0.74000000,417.50000000,308.95000000,1704067397717,True,True
12412417,0.73970000,34.70000000,25.66759000,1704067397720,True,True
12412418,0.73960000,67.50000000,49.92300000,1704067397720,True,True
12412419,0.73950000,71.90000000,53.17005000,1704067397720,True,True
12412420,0.73940000,33.90000000,25.06566000,1704067397720,True,True
12412421,0.74000000,138.00000000,102.12000000,1704067397763,False,True
12412422,0.74000000,291.00000000,215.34000000,1704067397763,False,True
12412423,0.74010000,149.00000000,110.27490000,1704067397767,False,True
12412424,0.74020000,293.00000000,216.87860000,1704067397770,False,True
12412425,0.74020000,345.20000000,255.51704000,1704067397871,False,True
12412426,0.74020000,373.40000000,276.39068000,1704067397874,False,True
12412427,0.74020000,580.60000000,429.76012000,1704067397880,False,True
12412428,0.74020000,435.60000000,322.43112000,1704067397881,False,True
12412429,0.74020000,234.70000000,173.72494000,1704067397881,False,True
12412430,0.74020000,308.00000000,227.98160000,1704067397884,False,True
12412431,0.74080000,298.90000000,221.42512000,1704067398057,True,True
12412432,0.74100000,157.30000000,116.55930000,1704067398096,False,True
12412433,0.74110000,104.10000000,77.14851000,1704067398096,False,True
12412434,0.74100000,71.90000000,53.27790000,1704067398158,True,True
12412435,0.74110000,53.70000000,39.79707000,1704067398420,True,True
12412436,0.74110000,17.80000000,13.19158000,1704067398459,True,True
12412437,0.74110000,53.70000000,39.79707000,1704067398467,True,True
12412438,0.74080000,118.60000000,87.85888000,1704067398800,True,True
12412439,0.74080000,71.90000000,53.26352000,1704067398800,True,True
12412440,0.74070000,51.20000000,37.92384000,1704067398800,True,True
12412441,0.74080000,50.80000000,37.63264000,1704067398856,True,True
12412442,0.74080000,20.70000000,15.33456000,1704067398856,True,True
12412443,0.74080000,19.10000000,14.14928000,1704067398976,True,True
12412444,0.74070000,20.70000000,15.33249000,1704067399058,True,True
12412445,0.74070000,50.80000000,37.62756000,1704067399058,True,True
12412446,0.74040000,71.50000000,52.93860000,1704067399189,True,True
12412447,0.74030000,71.90000000,53.22757000,1704067399189,True,True
12412448,0.74030000,98.60000000,72.99358000,1704067399189,True,True
12412449,0.74030000,14.00000000,10.36420000,1704067399208,True,True
12412450,0.74030000,14.00000000,10.36420000,1704067399208,True,True
12412451,0.74030000,14.00000000,10.36420000,1704067399213,True,True
12412452,0.74040000,46.80000000,34.65072000,1704067406170,False,True
12412453,0.74040000,91.20000000,67.52448000,1704067410930,False,True
12412454,0.74090000,71.50000000,52.97435000,1704067414065,True,True
12412455,0.74140000,369.60000000,274.02144000,1704067418880,False,True
12412456,0.74130000,71.50000000,53.00295000,1704067419859,True,True
12412457,0.74080000,71.50000000,52.96720000,1704067422782,True,True
12412458,0.74070000,10.30000000,7.62921000,1704067422818,True,True
12412459,0.74060000,11.10000000,8.22066000,1704067428966,True,True
12412460,0.74060000,139.00000000,102.94340000,1704067428966,True,True
12412461,0.74060000,305.70000000,226.40142000,1704067428966,True,True
12412462,0.74050000,71.50000000,52.94575000,1704067428966,True,True
12412463,0.74050000,10.90000000,8.07145000,1704067428966,True,True
12412464,0.74050000,410.40000000,303.90120000,1704067428966,True,True
12412465,0.74050000,185.00000000,136.99250000,1704067428966,True,True
12412466,0.74040000,71.50000000,52.93860000,1704067428975,True,True
12412467,0.74040000,410.40000000,303.86016000,1704067428975,True,True
12412468,0.74040000,104.90000000,77.66796000,1704067428975,True,True
12412469,0.74030000,29.50000000,21.83885000,1704067428975,True,True
12412470,0.74030000,28.00000000,20.72840000,1704067428975,True,True
12412471,0.74030000,17.00000000,12.58510000,1704067428975,True,True
12412472,0.74030000,10.70000000,7.92121000,1704067428975,True,True
12412473,0.74030000,8.00000000,5.92240000,1704067428975,True,True
12412474,0.74030000,55.20000000,40.86456000,1704067431805,False,True
12412475,0.74030000,16.30000000,12.06689000,1704067431810,False,True
12412476,0.74030000,109.00000000,80.69270000,1704067431810,False,True
12412477,0.74020000,71.60000000,52.99832000,1704067434525,False,True
12412478,0.74020000,138.00000000,102.14760000,1704067434525,False,True
12412479,0.74040000,71.60000000,53.01264000,1704067434533,False,True
12412480,0.74040000,171.70000000,127.12668000,1704067434533,False,True
12412481,0.74070000,55.70000000,41.25699000,1704067435097,False,True
12412482,0.74070000,22.70000000,16.81389000,1704067435099,False,True
12412483,0.74090000,11.10000000,8.22399000,1704067435099,False,True
12412484,0.74090000,149.50000000,110.76455000,1704067435099,False,True
12412485,0.74090000,92.60000000,68.60734000,1704067435102,False,True
12412486,0.74130000,93.00000000,68.94090000,1704067436170,False,True
12412487,0.74130000,11.00000000,8.15430000,1704067436176,False,True
12412488,0.74130000,138.00000000,102.29940000,1704067436176,False,True
12412489,0.74130000,104.90000000,77.76237000,1704067436176,False,True
12412490,0.74140000,192.60000000,142.79364000,1704067442034,False,True
12412491,0.74140000,201.50000000,149.39210000,1704067442035,False,True
12412492,0.74140000,141.00000000,104.53740000,1704067442070,False,True
12412493,0.74140000,108.70000000,80.59018000,1704067442074,False,True
12412494,0.74140000,135.90000000,100.75626000,1704067442080,False,True
12412495,0.74150000,17.00000000,12.60550000,1704067442283,False,True
12412496,0.74150000,54.60000000,40.48590000,1704067442283,False,True
12412497,0.74170000,16.90000000,12.53473000,1704067447275,False,True
12412498,0.74160000,139.00000000,103.08240000,1704067449969,True,True
12412499,0.74140000,71.40000000,52.93596000,1704067450055,True,True
12412500,0.74120000,58.80000000,43.58256000,1704067453428,False,True
12412501,0.74120000,75.80000000,56.18296000,1704067453428,False,True
12412502,0.74110000,33.90000000,25.12329000,1704067459285,True,True
12412503,0.74110000,71.50000000,52.98865000,1704067459285,True,True
12412504,0.74090000,23.40000000,17.33706000,1704067465048,False,True
12412505,0.74090000,139.80000000,103.57782000,1704067466170,False,True
12412506,0.74080000,138.00000000,102.23040000,1704067475262,False,True
12412507,0.74090000,71.40000000,52.90026000,1704067475265,False,True
12412508,0.74120000,17.00000000,12.60040000,1704067479425,False,True
12412509,0.74120000,54.50000000,40.39540000,1704067479425,False,True
12412510,0.74130000,58.80000000,43.58844000,1704067479425,False,True
12412511,0.74130000,4.60000000,3.40998000,1704067479425,False,True
12412512,0.74130000,12.20000000,9.04386000,1704067483439,False,True
12412513,0.74140000,122.60000000,90.89564000,1704067483439,False,True
12412514,0.74170000,8.40000000,6.23028000,1704067492074,False,True
12412515,0.74160000,138.00000000,102.34080000,1704067496170,False,True
12412516,0.74160000,48.40000000,35.89344000,1704067496170,False,True
12412517,0.74170000,187.50000000,139.06875000,1704067498688,False,True
12412518,0.74170000,104.90000000,77.80433000,1704067498688,False,True
12412519,0.74180000,220.70000000,163.71526000,1704067498688,False,True
12412520,0.74180000,189.80000000,140.79364000,1704067502689,False,True
12412521,0.74170000,71.50000000,53.03155000,1704067503915,True,True
12412522,0.74170000,538.50000000,399.40545000,1704067503948,False,True
12412523,0.74170000,71.50000000,53.03155000,1704067504027,True,True
12412524,0.74170000,111.80000000,82.92206000,1704067504199,True,True
12412525,0.74170000,71.40000000,52.95738000,1704067504199,True,True
12412526,0.74160000,0.10000000,0.07416000,1704067504199,True,True
12412527,0.74160000,71.40000000,52.95024000,1704067504257,True,True
12412528,0.74150000,71.50000000,53.01725000,1704067504258,True,True
12412529,0.74140000,71.50000000,53.01010000,1704067504258,True,True
12412530,0.74130000,14.00000000,10.37820000,1704067504275,True,True
12412531,0.74130000,14.00000000,10.37820000,1704067504278,True,True
12412532,0.74130000,14.00000000,10.37820000,1704067504279,True,True
12412533,0.74150000,148.50000000,110.11275000,1704067504452,False,True
12412534,0.74150000,37.20000000,27.58380000,1704067504461,False,True
12412535,0.74160000,149.40000000,110.79504000,1704067504461,False,True
12412536,0.74090000,30.40000000,22.52336000,1704067512340,True,True
12412537,0.74090000,108.60000000,80.46174000,1704067512343,True,True
12412538,0.74060000,10.70000000,7.92442000,1704067512343,True,True
12412539,0.74060000,10.40000000,7.70224000,1704067512343,True,True
12412540,0.74050000,71.60000000,53.01980000,1704067512343,True,True
12412541,0.74050000,10.80000000,7.99740000,1704067512343,True,True
12412542,0.74050000,330.90000000,245.03145000,1704067512343,True,True
12412543,0.74050000,138.00000000,102.18900000,1704067526166,False,True
12412544,0.74070000,10.70000000,7.92549000,1704067526169,False,True
12412545,0.74070000,71.50000000,52.96005000,1704067526169,False,True
12412546,0.74070000,8.90000000,6.59223000,1704067534327,False,True
12412547,0.74070000,129.10000000,95.62437000,1704067535619,False,True
12412548,0.74110000,60.70000000,44.98477000,1704067550219,False,True
12412549,0.74110000,10.70000000,7.92977000,1704067550219,False,True
12412550,0.74140000,71.40000000,52.93596000,1704067553935,False,True
12412551,0.74180000,6.90000000,5.11842000,1704067555502,False,True
12412552,0.74180000,117.20000000,86.93896000,1704067555502,False,True
12412553,0.74210000,67.40000000,50.01754000,1704067557045,False,True
12412554,0.74210000,67.40000000,50.01754000,1704067557045,False,True
12412555,0.74220000,33.70000000,25.01214000,1704067559421,False,True
12412556,0.74220000,162.70000000,120.75594000,1704067559421,False,True
12412557,0.74220000,179.20000000,133.00224000,1704067559421,False,True
12412558,0.74240000,67.20000000,49.88928000,1704067559431,False,True
12412559,0.74250000,8.60000000,6.38550000,1704067560178,True,True
12412560,0.74240000,138.00000000,102.45120000,1704067563433,False,True
12412561,0.74260000,104.90000000,77.89874000,1704067563601,True,True
12412562,0.74260000,137.40000000,102.03324000,1704067563601,True,True
12412563,0.74250000,33.10000000,24.57675000,1704067563601,True,True
12412564,0.74270000,8.90000000,6.61003000,1704067571289,False,True
12412565,0.74270000,41.90000000,31.11913000,1704067571289,False,True
12412566,0.74270000,138.00000000,102.49260000,1704067571778,False,True
12412567,0.74290000,29.40000000,21.84126000,1704067571778,False,True
12412568,0.74290000,85.40000000,63.44366000,1704067571872,False,True
12412569,0.74290000,114.80000000,85.28492000,1704067571891,False,True
12412570,0.74290000,114.80000000,85.28492000,1704067571896,False,True
12412571,0.74290000,114.80000000,85.28492000,1704067571927,False,True
12412572,0.74290000,114.80000000,85.28492000,1704067571936,False,True
12412573,0.74290000,114.80000000,85.28492000,1704067571946,False,True
12412574,0.74290000,114.80000000,85.28492000,1704067571963,False,True
12412575,0.74290000,114.80000000,85.28492000,1704067571970,False,True
12412576,0.74290000,114.80000000,85.28492000,1704067572024,False,True
12412577,0.74290000,114.30000000,84.91347000,1704067572026,False,True
12412578,0.74310000,17.00000000,12.63270000,1704067572027,False,True
12412579,0.74310000,54.40000000,40.42464000,1704067572027,False,True
12412580,0.74330000,8.40000000,6.24372000,1704067572037,False,True
12412581,0.74330000,13.60000000,10.10888000,1704067572037,False,True
12412582,0.74330000,22.00000000,16.35260000,1704067572040,False,True
12412583,0.74330000,22.00000000,16.35260000,1704067572040,False,True
12412584,0.74320000,10.50000000,7.80360000,1704067573081,True,True
12412585,0.74330000,9.90000000,7.35867000,1704067580344,False,True
12412586,0.74330000,23.70000000,17.61621000,1704067580344,False,True
12412587,0.74330000,114.30000000,84.95919000,1704067580946,False,True
12412588,0.74340000,71.30000000,53.00442000,1704067580957,False,True
12412589,0.74340000,9.80000000,7.28532000,1704067580957,False,True
12412590,0.74340000,136.00000000,101.10240000,1704067580957,False,True
12412591,0.74350000,7.70000000,5.72495000,1704067580967,False,True
12412592,0.74360000,114.80000000,85.36528000,1704067580991,False,True
12412593,0.74360000,113.90000000,84.69604000,1704067580991,False,True
12412594,0.74360000,89.40000000,66.47784000,1704067580991,False,True
12412595,0.74360000,25.40000000,18.88744000,1704067580991,False,True
12412596,0.74360000,113.90000000,84.69604000,1704067580991,False,True
12412597,0.74360000,114.80000000,85.36528000,1704067580991,False,True
12412598,0.74360000,39.90000000,29.66964000,1704067580991,False,True
12412599,0.74360000,74.00000000,55.02640000,1704067580995,False,True
12412600,0.74360000,114.80000000,85.36528000,1704067580995,False,True
12412601,0.74360000,113.90000000,84.69604000,1704067580995,False,True
12412602,0.74360000,114.80000000,85.36528000,1704067580995,False,True
12412603,0.74360000,113.90000000,84.69604000,1704067580995,False,True
12412604,0.74360000,114.80000000,85.36528000,1704067580995,False,True
12412605,0.74360000,113.90000000,84.69604000,1704067580995,False,True
12412606,0.74360000,114.80000000,85.36528000,1704067580995,False,True
12412607,0.74360000,113.90000000,84.69604000,1704067580995,False,True
12412608,0.74360000,114.80000000,85.36528000,1704067580995,False,True
12412609,0.74360000,113.90000000,84.69604000,1704067580995,False,True
12412610,0.74360000,114.80000000,85.36528000,1704067580995,False,True
12412611,0.74360000,113.90000000,84.69604000,1704067580995,False,True
12412612,0.74360000,114.20000000,84.91912000,1704067580995,False,True
12412613,0.74360000,106.20000000,78.97032000,1704067580995,False,True
12412614,0.74360000,7.10000000,5.27956000,1704067580996,False,True
12412615,0.74360000,71.20000000,52.94432000,1704067581039,True,True
12412616,0.74360000,0.10000000,0.07436000,1704067581064,True,True
12412617,0.74360000,15.40000000,11.45144000,1704067581064,True,True
12412618,0.74350000,11.60000000,8.62460000,1704067582088,True,True
12412619,0.74340000,139.00000000,103.33260000,1704067591965,True,True
12412620,0.74340000,8.90000000,6.61626000,1704067591965,True,True
12412621,0.74320000,407.00000000,302.48240000,1704067591974,True,True
12412622,0.74300000,71.30000000,52.97590000,1704067594158,False,True
12412623,0.74310000,71.30000000,52.98303000,1704067594158,False,True
12412624,0.74320000,71.30000000,52.99016000,1704067594158,False,True
12412625,0.74330000,195.00000000,144.94350000,1704067594158,False,True
12412626,0.74330000,164.10000000,121.97553000,1704067594158,False,True
12412627,0.74330000,104.90000000,77.97217000,1704067594158,False,True
12412628,0.74340000,71.30000000,53.00442000,1704067594158,False,True
12412629,0.74340000,538.50000000,400.32090000,1704067594158,False,True
12412630,0.74340000,10.70000000,7.95438000,1704067594158,False,True
12412631,0.74350000,10.80000000,8.02980000,1704067594158,False,True
12412632,0.74350000,71.30000000,53.01155000,1704067594158,False,True
12412633,0.74360000,71.30000000,53.01868000,1704067594158,False,True
12412634,0.74360000,10.90000000,8.10524000,1704067594158,False,True
12412635,0.74360000,499.10000000,371.13076000,1704067594158,False,True
12412636,0.74370000,550.10000000,409.10937000,1704067594158,False,True
12412637,0.74370000,11.00000000,8.18070000,1704067594158,False,True
12412638,0.74370000,10.70000000,7.95759000,1704067594158,False,True
12412639,0.74380000,71.30000000,53.03294000,1704067594158,False,True
12412640,0.74380000,188.30000000,140.05754000,1704067594158,False,True
12412641,0.74380000,10.10000000,7.51238000,1704067594158,False,True
12412642,0.74380000,454.50000000,338.05710000,1704067594158,False,True
12412643,0.74390000,10.20000000,7.58778000,1704067594158,False,True
12412644,0.74390000,317.00000000,235.81630000,1704067594158,False,True
12412645,0.74370000,138.00000000,102.63060000,1704067594617,False,True
12412646,0.74390000,138.00000000,102.65820000,1704067604934,False,True
12412647,0.74420000,10.50000000,7.81410000,1704067607945,False,True
12412648,0.74430000,6.80000000,5.06124000,1704067609005,False,True
12412649,0.74440000,10.70000000,7.96508000,1704067610246,False,True
12412650,0.74440000,176.50000000,131.38660000,1704067610246,False,True
12412651,0.74450000,426.10000000,317.23145000,1704067610275,False,True
12412652,0.74460000,114.60000000,85.33116000,1704067610277,False,True
12412653,0.74460000,114.60000000,85.33116000,1704067610277,False,True
12412654,0.74460000,114.60000000,85.33116000,1704067610277,False,True
12412655,0.74460000,43.40000000,32.31564000,1704067610277,False,True
12412656,0.74460000,71.20000000,53.01552000,1704067610279,False,True
12412657,0.74460000,43.40000000,32.31564000,1704067610279,False,True
12412658,0.74460000,71.20000000,53.01552000,1704067610281,False,True
12412659,0.74460000,43.40000000,32.31564000,1704067610281,False,True
12412660,0.74460000,71.20000000,53.01552000,1704067610294,False,True
12412661,0.74460000,114.60000000,85.33116000,1704067610294,False,True
12412662,0.74460000,114.60000000,85.33116000,1704067610294,False,True
12412663,0.74460000,114.60000000,85.33116000,1704067610294,False,True
12412664,0.74460000,114.40000000,85.18224000,1704067610294,False,True
12412665,0.74470000,338.80000000,252.30436000,1704067610294,False,True
12412666,0.74470000,554.60000000,413.01062000,1704067610299,False,True
12412667,0.74460000,104.90000000,78.10854000,1704067610320,True,True
12412668,0.74460000,104.90000000,78.10854000,1704067610342,True,True
12412669,0.74460000,79.50000000,59.19570000,1704067610370,True,True
12412670,0.74470000,335.70000000,249.99579000,1704067625003,False,True
12412671,0.74470000,29.50000000,21.96865000,1704067625003,False,True
12412672,0.74490000,191.90000000,142.94631000,1704067625003,False,True
12412673,0.74490000,247.00000000,183.99030000,1704067625003,False,True
12412674,0.74490000,191.60000000,142.72284000,1704067625003,False,True
12412675,0.74490000,175.50000000,130.72995000,1704067625003,False,True
12412676,0.74510000,138.00000000,102.82380000,1704067628259,False,True
12412677,0.74520000,113.80000000,84.80376000,1704067628259,False,True
12412678,0.74530000,10.10000000,7.52753000,1704067628259,False,True
12412679,0.74530000,10.80000000,8.04924000,1704067628259,False,True
12412680,0.74530000,44.80000000,33.38944000,1704067628259,False,True
12412681,0.74530000,170.10000000,126.77553000,1704067628259,False,True
12412682,0.74530000,283.90000000,211.59067000,1704067628259,False,True
12412683,0.74540000,71.30000000,53.14702000,1704067628259,False,True
12412684,0.74540000,44.80000000,33.39392000,1704067628259,False,True
12412685,0.74540000,10.50000000,7.82670000,1704067628259,False,True
12412686,0.74540000,171.90000000,128.13426000,1704067628259,False,True
12412687,0.74560000,179.20000000,133.61152000,1704067630376,False,True
12412688,0.74560000,138.00000000,102.89280000,1704067630376,False,True
12412689,0.74570000,10.20000000,7.60614000,1704067630376,False,True
12412690,0.74570000,10.80000000,8.05356000,1704067630376,False,True
12412691,0.74570000,104.90000000,78.22393000,1704067630376,False,True
12412692,0.74580000,55.70000000,41.54106000,1704067630376,False,True
12412693,0.74580000,10.90000000,8.12922000,1704067630376,False,True
12412694,0.74580000,114.50000000,85.39410000,1704067630376,False,True
12412695,0.74580000,400.30000000,298.54374000,1704067630376,False,True
12412696,0.74580000,114.50000000,85.39410000,1704067630376,False,True
12412697,0.74580000,114.50000000,85.39410000,1704067630376,False,True
12412698,0.74580000,114.50000000,85.39410000,1704067630376,False,True
12412699,0.74580000,114.50000000,85.39410000,1704067630376,False,True
12412700,0.74580000,114.50000000,85.39410000,1704067630376,False,True
12412701,0.74580000,25.60000000,19.09248000,1704067630376,False,True
12412702,0.74550000,9.40000000,7.00770000,1704067630383,True,True
12412703,0.74550000,9.40000000,7.00770000,1704067630386,True,True
12412704,0.74560000,16.90000000,12.60064000,1704067630387,True,True
12412705,0.74550000,52.30000000,38.98965000,1704067630387,True,True
12412706,0.74550000,61.10000000,45.55005000,1704067630387,True,True
12412707,0.74580000,88.90000000,66.30162000,1704067630446,False,True
12412708,0.74580000,114.50000000,85.39410000,1704067630446,False,True
12412709,0.74580000,114.50000000,85.39410000,1704067630446,False,True
12412710,0.74580000,113.70000000,84.79746000,1704067630446,False,True
12412711,0.74590000,71.10000000,53.03349000,1704067630446,False,True
12412712,0.74600000,32.20000000,24.02120000,1704067630446,False,True
12412713,0.74610000,17.80000000,13.28058000,1704067630446,False,True
12412714,0.74610000,17.80000000,13.28058000,1704067630446,False,True
12412715,0.74610000,17.80000000,13.28058000,1704067630446,False,True
12412716,0.74610000,17.80000000,13.28058000,1704067630446,False,True
12412717,0.74610000,17.80000000,13.28058000,1704067630446,False,True
12412718,0.74610000,17.80000000,13.28058000,1704067630446,False,True
12412719,0.74610000,17.80000000,13.28058000,1704067630446,False,True
12412720,0.74610000,17.80000000,13.28058000,1704067630446,False,True
12412721,0.74610000,17.80000000,13.28058000,1704067630446,False,True
12412722,0.74610000,16.90000000,12.60909000,1704067630446,False,True
12412723,0.74630000,676.10000000,504.57343000,1704067630460,False,True
12412724,0.74630000,104.90000000,78.28687000,1704067630460,False,True
12412725,0.74650000,7.20000000,5.37480000,1704067630467,False,True
12412726,0.74650000,198.20000000,147.95630000,1704067630467,False,True
12412727,0.74650000,17.00000000,12.69050000,1704067630468,False,True
12412728,0.74650000,17.00000000,12.69050000,1704067630468,False,True
12412729,0.74650000,17.00000000,12.69050000,1704067630469,False,True
12412730,0.74650000,17.00000000,12.69050000,1704067630469,False,True
12412731,0.74650000,176.90000000,132.05585000,1704067630469,False,True
12412732,0.74660000,10.30000000,7.68998000,1704067630469,False,True
12412733,0.74680000,17.40000000,12.99432000,1704067630469,False,True
12412734,0.74690000,10.50000000,7.84245000,1704067630469,False,True
12412735,0.74700000,6.50000000,4.85550000,1704067630469,False,True
12412736,0.74700000,17.00000000,12.69900000,1704067630470,False,True
12412737,0.74700000,17.00000000,12.69900000,1704067630470,False,True
12412738,0.74700000,17.00000000,12.69900000,1704067630470,False,True
12412739,0.74700000,85.60000000,63.94320000,1704067630473,False,True
12412740,0.74700000,14.10000000,10.53270000,1704067631119,True,True
12412741,0.74720000,50.10000000,37.43472000,1704067631282,False,True
12412742,0.74720000,87.90000000,65.67888000,1704067631285,False,True
12412743,0.74720000,64.10000000,47.89552000,1704067631421,True,True
12412744,0.74730000,13.90000000,10.38747000,1704067634739,True,True
12412745,0.74750000,138.00000000,103.15500000,1704067636166,False,True
12412746,0.74750000,201.10000000,150.32225000,1704067636166,False,True
12412747,0.74750000,10.70000000,7.99825000,1704067636166,False,True
12412748,0.74750000,104.90000000,78.41275000,1704067636166,False,True
12412749,0.74750000,112.20000000,83.86950000,1704067636166,False,True
12412750,0.74750000,112.20000000,83.86950000,1704067636166,False,True
12412751,0.74750000,112.20000000,83.86950000,1704067636166,False,True
12412752,0.74750000,112.20000000,83.86950000,1704067636166,False,True
12412753,0.74750000,112.20000000,83.86950000,1704067636166,False,True
12412754,0.74750000,112.20000000,83.86950000,1704067636166,False,True
12412755,0.74750000,112.20000000,83.86950000,1704067636166,False,True
12412756,0.74750000,112.20000000,83.86950000,1704067636166,False,True
12412757,0.74750000,112.20000000,83.86950000,1704067636166,False,True
12412758,0.74750000,112.10000000,83.79475000,1704067636166,False,True
12412759,0.74760000,10.70000000,7.99932000,1704067636166,False,True
12412760,0.74760000,277.40000000,207.38424000,1704067636166,False,True
12412761,0.74760000,180.30000000,134.79228000,1704067636166,False,True
12412762,0.74770000,10.70000000,8.00039000,1704067636166,False,True
12412763,0.74770000,10.80000000,8.07516000,1704067636166,False,True
12412764,0.74770000,265.80000000,198.73866000,1704067636166,False,True
12412765,0.74770000,614.70000000,459.61119000,1704067636166,False,True
12412766,0.74780000,687.80000000,514.33684000,1704067636166,False,True
12412767,0.74780000,10.90000000,8.15102000,1704067636166,False,True
12412768,0.74780000,303.10000000,226.65818000,1704067636166,False,True
12412769,0.74790000,80.00000000,59.83200000,1704067636948,False,True
12412770,0.74760000,45.40000000,33.94104000,1704067637121,True,True
12412771,0.74790000,54.60000000,40.83534000,1704067637672,False,True
12412772,0.74790000,171.00000000,127.89090000,1704067639239,False,True
12412773,0.74790000,244.50000000,182.86155000,1704067639239,False,True
12412774,0.74800000,133.60000000,99.93280000,1704067639239,False,True
12412775,0.74800000,10.10000000,7.55480000,1704067639239,False,True
12412776,0.74810000,7.70000000,5.76037000,1704067639239,False,True
12412777,0.74810000,8.40000000,6.28404000,1704067639239,False,True
12412778,0.74810000,10.80000000,8.07948000,1704067639239,False,True
12412779,0.74810000,10.20000000,7.63062000,1704067639239,False,True
12412780,0.74810000,203.60000000,152.31316000,1704067639239,False,True
12412781,0.74840000,70.90000000,53.06156000,1704067639354,False,True
12412782,0.74840000,36.00000000,26.94240000,1704067639367,True,True
12412783,0.74860000,6.80000000,5.09048000,1704067639573,False,True
12412784,0.74900000,18.20000000,13.63180000,1704067641246,False,True
12412785,0.74900000,115.80000000,86.73420000,1704067641250,False,True
12412786,0.74900000,95.00000000,71.15500000,1704067641250,False,True
12412787,0.74900000,18.20000000,13.63180000,1704067641253,False,True
12412788,0.74930000,167.50000000,125.50775000,1704067644764,False,True
12412789,0.74930000,19.80000000,14.83614000,1704067644764,False,True
12412790,0.74950000,10.70000000,8.01965000,1704067644764,False,True
12412791,0.74950000,70.70000000,52.98965000,1704067644764,False,True
12412792,0.74960000,67.30000000,50.44808000,1704067644764,False,True
12412793,0.74960000,70.70000000,52.99672000,1704067644764,False,True
12412794,0.74960000,10.80000000,8.09568000,1704067644764,False,True
12412795,0.74960000,165.70000000,124.20872000,1704067644764,False,True
12412796,0.74970000,10.20000000,7.64694000,1704067644764,False,True
12412797,0.74970000,70.70000000,53.00379000,1704067644764,False,True
12412798,0.74970000,10.60000000,7.94682000,1704067644764,False,True
12412799,0.74980000,10.40000000,7.79792000,1704067644764,False,True
12412800,0.74990000,10.70000000,8.02393000,1704067644764,False,True
12412801,0.75000000,18.10000000,13.57500000,1704067644764,False,True
12412802,0.75000000,16.80000000,12.60000000,1704067644764,False,True
12412803,0.75000000,10.30000000,7.72500000,1704067644764,False,True
12412804,0.75010000,10.30000000,7.72603000,1704067644764,False,True
12412805,0.75010000,10.40000000,7.80104000,1704067644764,False,True
12412806,0.75010000,88.30000000,66.23383000,1704067644764,False,True
12412807,0.75000000,8.70000000,6.52500000,1704067645139,False,True
12412808,0.75010000,10.40000000,7.80104000,1704067645467,False,True
12412809,0.75020000,111.80000000,83.87236000,1704067645474,False,True
12412810,0.75020000,10.90000000,8.17718000,1704067645474,False,True
12412811,0.75020000,19.80000000,14.85396000,1704067645474,False,True
12412812,0.75020000,143.00000000,107.27860000,1704067645474,False,True
12412813,0.75020000,111.80000000,83.87236000,1704067645521,False,True
12412814,0.75020000,111.80000000,83.87236000,1704067645561,False,True
12412815,0.75020000,111.80000000,83.87236000,1704067645569,False,True
12412816,0.75020000,10.80000000,8.10216000,1704067645571,False,True
12412817,0.75020000,111.80000000,83.87236000,1704067645661,False,True
12412818,0.75010000,10.50000000,7.87605000,1704067646121,True,True
12412819,0.75020000,111.80000000,83.87236000,1704067646163,False,True
12412820,0.75010000,88.70000000,66.53387000,1704067648581,True,True
12412821,0.75010000,317.10000000,237.85671000,1704067648581,True,True
12412822,0.75010000,122.60000000,91.96226000,1704067648581,True,True
12412823,0.75010000,16.40000000,12.30164000,1704067648600,True,True
12412824,0.75000000,3042.10000000,2281.57500000,1704067648602,True,True
12412825,0.74950000,70.70000000,52.98965000,1704067649257,True,True
12412826,0.74950000,9.00000000,6.74550000,1704067649257,True,True
12412827,0.74950000,196.90000000,147.57655000,1704067649257,True,True
12412828,0.74940000,70.70000000,52.98258000,1704067649257,True,True
12412829,0.74940000,10.10000000,7.56894000,1704067649257,True,True
12412830,0.74940000,11.00000000,8.24340000,1704067649257,True,True
12412831,0.74930000,70.80000000,53.05044000,1704067649257,True,True
12412832,0.74930000,11.00000000,8.24230000,1704067649257,True,True
12412833,0.74930000,236.80000000,177.43424000,1704067649257,True,True
12412834,0.74950000,70.70000000,52.98965000,1704067653904,True,True
12412835,0.74940000,70.70000000,52.98258000,1704067653904,True,True
12412836,0.74930000,55.50000000,41.58615000,1704067653904,True,True
12412837,0.74930000,15.20000000,11.38936000,1704067653911,True,True
12412838,0.74920000,70.70000000,52.96844000,1704067653911,True,True
12412839,0.74910000,70.80000000,53.03628000,1704067653911,True,True
12412840,0.74910000,10.50000000,7.86555000,1704067653911,True,True
12412841,0.74910000,96.40000000,72.21324000,1704067653911,True,True
12412842,0.74920000,14.00000000,10.48880000,1704067653992,True,True
12412843,0.74920000,14.00000000,10.48880000,1704067653992,True,True
12412844,0.74920000,14.00000000,10.48880000,1704067653993,True,True
12412845,0.74920000,14.00000000,10.48880000,1704067653993,True,True
12412846,0.74920000,14.00000000,10.48880000,1704067653995,True,True
12412847,0.74920000,0.70000000,0.52444000,1704067653996,True,True
12412848,0.74900000,10.80000000,8.08920000,1704067653996,True,True
12412849,0.74900000,2.50000000,1.87250000,1704067653996,True,True
12412850,0.74900000,14.00000000,10.48600000,1704067653997,True,True
12412851,0.74900000,14.00000000,10.48600000,1704067653997,True,True
12412852,0.74900000,14.00000000,10.48600000,1704067653997,True,True
12412853,0.74910000,70.70000000,52.96137000,1704067654174,True,True
12412854,0.74880000,70.70000000,52.94016000,1704067654950,False,True
12412855,0.74890000,10.10000000,7.56389000,1704067654950,False,True
12412856,0.74890000,77.70000000,58.18953000,1704067654950,False,True
12412857,0.74890000,70.70000000,52.94723000,1704067654950,False,True
12412858,0.74910000,10.50000000,7.86555000,1704067654959,False,True
12412859,0.74920000,11.00000000,8.24120000,1704067654959,False,True
12412860,0.74930000,10.70000000,8.01751000,1704067654963,False,True
12412861,0.74930000,10.70000000,8.01751000,1704067654963,False,True
12412862,0.74940000,70.70000000,52.98258000,1704067654963,False,True
12412863,0.74940000,10.40000000,7.79376000,1704067654963,False,True
12412864,0.74950000,138.00000000,103.43100000,1704067654963,False,True
12412865,0.74950000,291.00000000,218.10450000,1704067654963,False,True
12412866,0.74950000,147.00000000,110.17650000,1704067654963,False,True
12412867,0.74950000,145.00000000,108.67750000,1704067654963,False,True
12412868,0.74950000,10.30000000,7.71985000,1704067654963,False,True
12412869,0.74950000,215.90000000,161.81705000,1704067654963,False,True
12412870,0.74950000,80.20000000,60.10990000,1704067654968,False,True
12412871,0.74960000,10.40000000,7.79584000,1704067654981,False,True
12412872,0.74970000,10.60000000,7.94682000,1704067654991,False,True
12412873,0.74970000,10.50000000,7.87185000,1704067654991,False,True
12412874,0.74980000,10.30000000,7.72294000,1704067654991,False,True
12412875,0.74980000,55.00000000,41.23900000,1704067654991,False,True
12412876,0.74980000,16.80000000,12.59664000,1704067654991,False,True
12412877,0.74990000,11.00000000,8.24890000,1704067654995,False,True
12412878,0.74990000,70.70000000,53.01793000,1704067654995,False,True
12412879,0.75000000,10.90000000,8.17500000,1704067654999,False,True
12412880,0.74960000,139.00000000,104.19440000,1704067656957,True,True
12412881,0.74950000,70.70000000,52.98965000,1704067656957,True,True
12412882,0.74940000,56.30000000,42.19122000,1704067656957,True,True
12412883,0.74940000,14.40000000,10.79136000,1704067656961,True,True
12412884,0.74930000,70.70000000,52.97551000,1704067656961,True,True
12412885,0.74930000,10.70000000,8.01751000,1704067656961,True,True
12412886,0.74930000,673.70000000,504.80341000,1704067656961,True,True
12412887,0.74930000,14.40000000,10.78992000,1704067656965,True,True
12412888,0.74930000,27.60000000,20.68068000,1704067656965,True,True
12412889,0.74920000,70.70000000,52.96844000,1704067656965,True,True
12412890,0.74920000,10.60000000,7.94152000,1704067656965,True,True
12412891,0.74910000,44.10000000,33.03531000,1704067656969,True,True
12412892,0.74910000,256.20000000,191.91942000,1704067656969,True,True
12412893,0.74910000,266.00000000,199.26060000,1704067656970,True,True
12412894,0.74890000,1278.30000000,957.31887000,1704067657151,True,True
12412895,0.74880000,10.20000000,7.63776000,1704067657151,True,True
12412896,0.74880000,26.40000000,19.76832000,1704067657151,True,True
12412897,0.74870000,26.60000000,19.91542000,1704067657152,True,True
12412898,0.74870000,44.10000000,33.01767000,1704067657152,True,True
12412899,0.74870000,10.10000000,7.56187000,1704067657152,True,True
12412900,0.74860000,10.30000000,7.71058000,1704067657152,True,True
12412901,0.74860000,11.00000000,8.23460000,1704067657152,True,True
12412902,0.74860000,70.70000000,52.92602000,1704067657152,True,True
12412903,0.74850000,10.20000000,7.63470000,1704067657152,True,True
12412904,0.74850000,70.80000000,52.99380000,1704067657152,True,True
12412905,0.74840000,11.00000000,8.23240000,1704067657152,True,True
12412906,0.74840000,70.80000000,52.98672000,1704067657152,True,True
12412907,0.74840000,140.20000000,104.92568000,1704067657152,True,True
12412908,0.74830000,10.50000000,7.85715000,1704067657152,True,True
12412909,0.74830000,70.80000000,52.97964000,1704067657152,True,True
12412910,0.74830000,318.20000000,238.10906000,1704067657152,True,True
12412911,0.74820000,70.80000000,52.97256000,1704067657152,True,True
12412912,0.74820000,10.40000000,7.78128000,1704067657152,True,True
12412913,0.74820000,10.50000000,7.85610000,1704067657152,True,True
12412914,0.74820000,140.30000000,104.97246000,1704067657152,True,True
12412915,0.74820000,730.50000000,546.56010000,1704067657152,True,True
12412916,0.74820000,874.40000000,654.22608000,1704067657152,True,True
12412917,0.74810000,10.10000000,7.55581000,1704067657152,True,True
12412918,0.74810000,70.80000000,52.96548000,1704067657152,True,True
12412919,0.74810000,318.20000000,238.04542000,1704067657152,True,True
12412920,0.74810000,683.40000000,511.25154000,1704067657152,True,True
12412921,0.74810000,104.90000000,78.47569000,1704067657158,True,True
12412922,0.74800000,10.20000000,7.62960000,1704067657158,True,True
12412923,0.74790000,251.90000000,188.39601000,1704067657158,True,True
12412924,0.74790000,66.30000000,49.58577000,1704067657158,True,True
12412925,0.74790000,10.30000000,7.70337000,1704067657158,True,True
12412926,0.74790000,142.70000000,106.72533000,1704067657158,True,True
12412927,0.74790000,180.80000000,135.22032000,1704067657158,True,True
12412928,0.74790000,221.00000000,165.28590000,1704067657158,True,True
12412929,0.74780000,66.20000000,49.50436000,1704067657262,True,True
12412930,0.74770000,66.20000000,49.49774000,1704067657262,True,True
12412931,0.74730000,61.40000000,45.88422000,1704067657262,True,True
12412932,0.74730000,10.50000000,7.84665000,1704067657262,True,True
12412933,0.74720000,10.60000000,7.92032000,1704067657262,True,True
12412934,0.74710000,185.10000000,138.28821000,1704067657262,True,True
12412935,0.74700000,10.90000000,8.14230000,1704067657277,True,True
12412936,0.74700000,2.10000000,1.56870000,1704067657277,True,True
12412937,0.74710000,326.50000000,243.92815000,1704067657877,False,True
12412938,0.74730000,23.80000000,17.78574000,1704067658022,False,True
12412939,0.74730000,70.70000000,52.83411000,1704067658022,False,True
12412940,0.74740000,10.30000000,7.69822000,1704067658022,False,True
12412941,0.74740000,70.70000000,52.84118000,1704067658022,False,True
12412942,0.74750000,10.20000000,7.62450000,1704067658022,False,True
12412943,0.74750000,70.70000000,52.84825000,1704067658025,False,True
12412944,0.74760000,10.10000000,7.55076000,1704067658026,False,True
12412945,0.74760000,70.70000000,52.85532000,1704067658026,False,True
12412946,0.74770000,10.80000000,8.07516000,1704067658026,False,True
12412947,0.74770000,70.70000000,52.86239000,1704067658026,False,True
12412948,0.74770000,10.40000000,7.77608000,1704067658026,False,True
12412949,0.74780000,70.70000000,52.86946000,1704067658026,False,True
12412950,0.74780000,10.70000000,8.00146000,1704067658026,False,True
12412951,0.74780000,66.80000000,49.95304000,1704067658026,False,True
12412952,0.74780000,229.60000000,171.69488000,1704067658029,False,True
12412953,0.74780000,60.00000000,44.86800000,1704067658029,False,True
12412954,0.74790000,138.00000000,103.21020000,1704067658030,False,True
12412955,0.74790000,147.00000000,109.94130000,1704067658030,False,True
12412956,0.74790000,10.60000000,7.92774000,1704067658030,False,True
12412957,0.74790000,23.40000000,17.50086000,1704067658030,False,True
12412958,0.74770000,70.90000000,53.01193000,1704067658032,False,True
12412959,0.74790000,81.90000000,61.25301000,1704067658032,False,True
12412960,0.74780000,70.90000000,53.01902000,1704067658033,False,True
12412961,0.74790000,280.90000000,210.08511000,1704067658033,False,True
12412962,0.74770000,70.90000000,53.01193000,1704067658034,False,True
12412963,0.74790000,24.20000000,18.09918000,1704067658034,False,True
12412964,0.74770000,70.90000000,53.01193000,1704067658037,False,True
12412965,0.74790000,70.90000000,53.02611000,1704067658037,False,True
12412966,0.74800000,10.50000000,7.85400000,1704067658037,False,True
12412967,0.74800000,268.60000000,200.91280000,1704067658037,False,True
12412968,0.74800000,141.80000000,106.06640000,1704067658040,False,True
12412969,0.74810000,11.00000000,8.22910000,1704067658043,False,True
12412970,0.74810000,10.40000000,7.78024000,1704067658043,False,True
12412971,0.74810000,70.70000000,52.89067000,1704067658043,False,True
12412972,0.74810000,83.30000000,62.31673000,1704067658043,False,True
12412973,0.74810000,327.10000000,244.70351000,1704067658043,False,True
12412974,0.74760000,10.50000000,7.84980000,1704067659211,True,True
12412975,0.74760000,44.00000000,32.89440000,1704067659211,True,True
12412976,0.74700000,201.60000000,150.59520000,1704067659534,True,True
12412977,0.74700000,139.00000000,103.83300000,1704067659534,True,True
12412978,0.74690000,10.10000000,7.54369000,1704067659534,True,True
12412979,0.74690000,70.90000000,52.95521000,1704067659534,True,True
12412980,0.74680000,10.10000000,7.54268000,1704067659666,True,True
12412981,0.74680000,70.90000000,52.94812000,1704067659666,True,True
12412982,0.74680000,431.20000000,322.02016000,1704067659666,True,True
12412983,0.74670000,10.60000000,7.91502000,1704067659670,True,True
12412984,0.74670000,70.90000000,52.94103000,1704067659670,True,True
12412985,0.74660000,10.40000000,7.76464000,1704067659674,True,True
12412986,0.74660000,10.70000000,7.98862000,1704067659674,True,True
12412987,0.74660000,70.90000000,52.93394000,1704067659674,True,True
12412988,0.74650000,10.80000000,8.06220000,1704067659674,True,True
12412989,0.74650000,70.90000000,52.92685000,1704067659674,True,True
12412990,0.74670000,70.90000000,52.94103000,1704067659680,True,True
12412991,0.74640000,10.90000000,8.13576000,1704067659680,True,True
12412992,0.74640000,70.90000000,52.91976000,1704067659680,True,True
12412993,0.74630000,11.00000000,8.20930000,1704067659680,True,True
12412994,0.74630000,70.90000000,52.91267000,1704067659680,True,True
12412995,0.74630000,32.40000000,24.18012000,1704067659680,True,True
12412996,0.74630000,102.00000000,76.12260000,1704067659692,True,True
12412997,0.74630000,2.90000000,2.16427000,1704067659694,True,True
12412998,0.74620000,10.30000000,7.68586000,1704067659694,True,True
12412999,0.74620000,10.10000000,7.53662000,1704067659694,True,True
12413000,0.74620000,70.90000000,52.90558000,1704067659694,True,True
12413001,0.74610000,10.70000000,7.98327000,1704067659694,True,True
12413002,0.74610000,70.80000000,52.82388000,1704067659694,True,True
12413003,0.74600000,10.80000000,8.05680000,1704067659694,True,True
12413004,0.74600000,408.50000000,304.74100000,1704067659694,True,True
12413005,0.74600000,102.00000000,76.09200000,1704067659695,True,True
12413006,0.74600000,102.00000000,76.09200000,1704067659696,True,True
12413007,0.74600000,102.00000000,76.09200000,1704067659697,True,True
12413008,0.74640000,190.80000000,142.41312000,1704067659742,False,True
12413009,0.74610000,138.00000000,102.96180000,1704067659774,True,True
12413010,0.74600000,16.30000000,12.15980000,1704067659774,True,True
12413011,0.74600000,410.40000000,306.15840000,1704067659774,True,True
12413012,0.74590000,71.10000000,53.03349000,1704067659778,True,True
12413013,0.74590000,10.90000000,8.13031000,1704067659778,True,True
12413014,0.74590000,410.40000000,306.11736000,1704067659778,True,True
12413015,0.74580000,10.30000000,7.68174000,1704067659787,True,True
12413016,0.74580000,10.40000000,7.75632000,1704067659787,True,True
12413017,0.74580000,357.30000000,266.47434000,1704067659787,True,True
12413018,0.74610000,70.90000000,52.89849000,1704067659792,False,True
12413019,0.74620000,55.70000000,41.56334000,1704067659792,False,True
12413020,0.74610000,71.00000000,52.97310000,1704067659803,False,True
12413021,0.74620000,28.50000000,21.26670000,1704067659803,False,True
12413022,0.74580000,36.80000000,27.44544000,1704067659841,True,True
12413023,0.74590000,104.90000000,78.24491000,1704067659932,False,True
12413024,0.74600000,14.20000000,10.59320000,1704067659932,False,True
12413025,0.74600000,71.00000000,52.96600000,1704067659932,False,True
12413026,0.74600000,10.90000000,8.13140000,1704067659932,False,True
12413027,0.74600000,185.60000000,138.45760000,1704067659932,False,True
12413028,0.74610000,71.00000000,52.97310000,1704067659932,False,True
12413029,0.74610000,10.80000000,8.05788000,1704067659932,False,True
12413030,0.74620000,100.80000000,75.21696000,1704067659932,False,True
12413031,0.74620000,71.00000000,52.98020000,1704067659932,False,True
12413032,0.74620000,10.70000000,7.98434000,1704067659932,False,True
12413033,0.74630000,70.90000000,52.91267000,1704067659932,False,True
12413034,0.74630000,11.00000000,8.20930000,1704067659932,False,True
12413035,0.74640000,226.70000000,169.20888000,1704067659932,False,True
12413036,0.74640000,10.90000000,8.13576000,1704067659932,False,True
12413037,0.74640000,137.30000000,102.48072000,1704067659932,False,True
12413038,0.74650000,70.90000000,52.92685000,1704067659932,False,True
12413039,0.74650000,10.80000000,8.06220000,1704067659932,False,True
12413040,0.74650000,11.00000000,8.21150000,1704067659932,False,True
12413041,0.74660000,75.40000000,56.29364000,1704067659932,False,True
12413042,0.74650000,174.80000000,130.48820000,1704067659976,True,True
12413043,0.74660000,62.60000000,46.73716000,1704067660375,False,True
12413044,0.74660000,71.00000000,53.00860000,1704067660375,False,True
12413045,0.74670000,43.60000000,32.55612000,1704067660375,False,True
12413046,0.74670000,27.30000000,20.38491000,1704067660375,False,True
12413047,0.74670000,33.90000000,25.31313000,1704067660375,False,True
12413048,0.74680000,71.00000000,53.02280000,1704067660476,False,True
12413049,0.74690000,43.60000000,32.56484000,1704067660476,False,True
12413050,0.74690000,27.30000000,20.39037000,1704067660476,False,True
12413051,0.74690000,10.40000000,7.76776000,1704067660476,False,True
12413052,0.74690000,10.10000000,7.54369000,1704067660476,False,True
12413053,0.74690000,410.40000000,306.52776000,1704067660476,False,True
12413054,0.74700000,43.60000000,32.56920000,1704067660480,False,True
12413055,0.74700000,10.90000000,8.14230000,1704067660480,False,True
12413056,0.74700000,410.40000000,306.56880000,1704067660480,False,True
12413057,0.74710000,70.90000000,52.96939000,1704067660480,False,True
12413058,0.74710000,10.80000000,8.06868000,1704067660480,False,True
12413059,0.74710000,89.00000000,66.49190000,1704067660480,False,True
12413060,0.74720000,274.50000000,205.10640000,1704067660484,False,True
12413061,0.74720000,10.70000000,7.99504000,1704067660484,False,True
12413062,0.74730000,293.00000000,218.95890000,1704067660488,False,True
12413063,0.74730000,138.00000000,103.12740000,1704067660488,False,True
12413064,0.74730000,10.60000000,7.92138000,1704067660488,False,True
12413065,0.74730000,11.00000000,8.22030000,1704067660488,False,True
12413066,0.74730000,33.80000000,25.25874000,1704067660676,False,True
12413067,0.74740000,538.50000000,402.47490000,1704067660676,False,True
12413068,0.74750000,10.70000000,7.99825000,1704067660676,False,True
12413069,0.74750000,71.00000000,53.07250000,1704067660676,False,True
12413070,0.74760000,10.30000000,7.70028000,1704067660680,False,True
12413071,0.74770000,10.20000000,7.62654000,1704067660684,False,True
12413072,0.74770000,11.00000000,8.22470000,1704067660684,False,True
12413073,0.74780000,10.10000000,7.55278000,1704067660684,False,True
12413074,0.74780000,274.40000000,205.19632000,1704067660684,False,True
12413075,0.74780000,136.00000000,101.70080000,1704067660687,False,True
12413076,0.74790000,10.40000000,7.77816000,1704067660687,False,True
12413077,0.74810000,70.90000000,53.04029000,1704067661701,True,True
12413078,0.74810000,10.40000000,7.78024000,1704067661701,True,True
12413079,0.74780000,59.00000000,44.12020000,1704067662324,True,True
12413080,0.74780000,11.80000000,8.82404000,1704067662327,True,True
12413081,0.74770000,70.90000000,53.01193000,1704067662327,True,True
12413082,0.74760000,70.90000000,53.00484000,1704067662327,True,True
12413083,0.74760000,10.10000000,7.55076000,1704067662327,True,True
12413084,0.74750000,11.00000000,8.22250000,1704067662327,True,True
12413085,0.74750000,70.90000000,52.99775000,1704067662327,True,True
12413086,0.74740000,10.90000000,8.14666000,1704067662364,True,True
12413087,0.74740000,10.30000000,7.69822000,1704067662364,True,True
12413088,0.74730000,70.90000000,52.98357000,1704067662364,True,True
12413089,0.74730000,10.80000000,8.07084000,1704067662364,True,True
12413090,0.74720000,10.70000000,7.99504000,1704067662364,True,True
12413091,0.74710000,11.00000000,8.21810000,1704067662364,True,True
12413092,0.74710000,67.40000000,50.35454000,1704067662364,True,True
12413093,0.74710000,3.60000000,2.68956000,1704067662447,True,True
12413094,0.74700000,10.90000000,8.14230000,1704067662447,True,True
12413095,0.74700000,71.00000000,53.03700000,1704067662447,True,True
12413096,0.74700000,10.60000000,7.91820000,1704067662447,True,True
12413097,0.74690000,10.80000000,8.06652000,1704067662447,True,True
12413098,0.74690000,71.00000000,53.02990000,1704067662447,True,True
12413099,0.74680000,71.00000000,53.02280000,1704067662447,True,True
12413100,0.74680000,10.70000000,7.99076000,1704067662447,True,True
12413101,0.74670000,71.00000000,53.01570000,1704067662447,True,True
12413102,0.74670000,10.60000000,7.91502000,1704067662447,True,True
12413103,0.74660000,35.80000000,26.72828000,1704067662447,True,True
12413104,0.74660000,139.00000000,103.77740000,1704067663116,True,True
12413105,0.74650000,11.00000000,8.21150000,1704067663116,True,True
12413106,0.74620000,10.30000000,7.68586000,1704067663205,True,True
12413107,0.74620000,10.20000000,7.61124000,1704067663205,True,True
12413108,0.74610000,10.80000000,8.05788000,1704067663205,True,True
12413109,0.74610000,465.00000000,346.93650000,1704067663205,True,True
12413110,0.74600000,10.70000000,7.98220000,1704067663209,True,True
12413111,0.74590000,10.80000000,8.05572000,1704067663209,True,True
12413112,0.74590000,389.60000000,290.60264000,1704067663209,True,True
12413113,0.74580000,11.00000000,8.20380000,1704067663209,True,True
12413114,0.74580000,10.90000000,8.12922000,1704067663209,True,True
12413115,0.74570000,37.00000000,27.59090000,1704067663216,True,True
12413116,0.74570000,37.00000000,27.59090000,1704067663217,True,True
12413117,0.74570000,37.00000000,27.59090000,1704067663218,True,True
12413118,0.74570000,22.30000000,16.62911000,1704067663218,True,True
12413119,0.74570000,11.00000000,8.20270000,1704067663218,True,True
12413120,0.74560000,3.70000000,2.75872000,1704067663218,True,True
12413121,0.74560000,6.60000000,4.92096000,1704067663218,True,True
12413122,0.74550000,30.40000000,22.66320000,1704067663218,True,True
12413123,0.74580000,59.60000000,44.44968000,1704067663366,True,True
12413124,0.74550000,10.10000000,7.52955000,1704067663366,True,True
12413125,0.74550000,410.40000000,305.95320000,1704067663366,True,True
12413126,0.74540000,10.20000000,7.60308000,1704067663371,True,True
12413127,0.74540000,10.60000000,7.90124000,1704067663371,True,True
12413128,0.74530000,10.70000000,7.97471000,1704067663371,True,True
12413129,0.74520000,10.80000000,8.04816000,1704067663371,True,True
12413130,0.74520000,11.00000000,8.19720000,1704067663392,True,True
12413131,0.74520000,11.00000000,8.19720000,1704067663393,True,True
12413132,0.74520000,11.00000000,8.19720000,1704067663393,True,True
12413133,0.74520000,11.00000000,8.19720000,1704067663395,True,True
12413134,0.74540000,10.50000000,7.82670000,1704067664137,False,True
12413135,0.74560000,50.10000000,37.35456000,1704067665422,False,True
12413136,0.74570000,71.00000000,52.94470000,1704067665441,False,True
12413137,0.74570000,10.20000000,7.60614000,1704067665441,False,True
12413138,0.74570000,104.90000000,78.22393000,1704067665441,False,True
12413139,0.74580000,11.00000000,8.20380000,1704067665450,False,True
12413140,0.74590000,10.90000000,8.13031000,1704067665450,False,True
12413141,0.74590000,71.00000000,52.95890000,1704067665450,False,True
12413142,0.74590000,71.00000000,52.95890000,1704067665524,False,True
12413143,0.74600000,10.80000000,8.05680000,1704067665524,False,True
12413144,0.74610000,71.00000000,52.97310000,1704067665528,False,True
12413145,0.74610000,10.70000000,7.98327000,1704067665528,False,True
12413146,0.74610000,10.10000000,7.53561000,1704067665528,False,True
12413147,0.74620000,10.80000000,8.05896000,1704067665528,False,True
12413148,0.74620000,71.00000000,52.98020000,1704067665528,False,True
12413149,0.74630000,70.90000000,52.91267000,1704067665576,False,True
12413150,0.74630000,10.70000000,7.98541000,1704067665576,False,True
12413151,0.74640000,10.60000000,7.91184000,1704067665576,False,True
12413152,0.74640000,71.00000000,52.99440000,1704067665645,False,True
12413153,0.74650000,70.90000000,52.92685000,1704067665645,False,True
12413154,0.74650000,10.50000000,7.83825000,1704067665645,False,True
12413155,0.74650000,11.00000000,8.21150000,1704067665645,False,True
12413156,0.74640000,10.80000000,8.06112000,1704067665649,False,True
12413157,0.74660000,10.40000000,7.76464000,1704067665649,False,True
12413158,0.74660000,59.60000000,44.49736000,1704067665926,False,True
12413159,0.74660000,10.50000000,7.83930000,1704067665926,False,True
12413160,0.74670000,70.90000000,52.94103000,1704067665926,False,True
12413161,0.74670000,10.30000000,7.69101000,1704067665926,False,True
12413162,0.74660000,50.10000000,37.40466000,1704067666809,True,True
12413163,0.74680000,10.60000000,7.91608000,1704067668366,False,True
12413164,0.74680000,190.70000000,142.41476000,1704067668366,False,True
12413165,0.74690000,70.90000000,52.95521000,1704067668366,False,True
12413166,0.74690000,10.50000000,7.84245000,1704067668366,False,True
12413167,0.74690000,10.90000000,8.14121000,1704067668366,False,True
12413168,0.74700000,10.40000000,7.76880000,1704067668366,False,True
12413169,0.74700000,70.90000000,52.96230000,1704067668366,False,True
12413170,0.74710000,70.90000000,52.96939000,1704067668366,False,True
12413171,0.74710000,10.40000000,7.76984000,1704067668366,False,True
12413172,0.74710000,187.30000000,139.93183000,1704067668366,False,True
12413173,0.74720000,10.30000000,7.69616000,1704067668366,False,True
12413174,0.74720000,71.00000000,53.05120000,1704067668366,False,True
12413175,0.74730000,70.80000000,52.90884000,1704067668366,False,True
12413176,0.74730000,10.20000000,7.62246000,1704067668366,False,True
12413177,0.74730000,10.70000000,7.99611000,1704067668366,False,True
12413178,0.74730000,147.50000000,110.22675000,1704067668366,False,True
12413179,0.74740000,70.80000000,52.91592000,1704067668366,False,True
12413180,0.74740000,10.10000000,7.54874000,1704067668366,False,True
12413181,0.74740000,586.70000000,438.49958000,1704067668366,False,True
12413182,0.74750000,69.90000000,52.25025000,1704067668366,False,True
12413183,0.74750000,10.60000000,7.92350000,1704067668366,False,True
12413184,0.74750000,388.40000000,290.32900000,1704067668366,False,True
12413185,0.74750000,428.00000000,319.93000000,1704067668366,False,True
12413186,0.74750000,629.10000000,470.25225000,1704067668366,False,True
12413187,0.74740000,147.00000000,109.86780000,1704067668378,False,True
12413188,0.74740000,145.00000000,108.37300000,1704067668378,False,True
12413189,0.74760000,121.30000000,90.68388000,1704067668378,False,True
12413190,0.74720000,365.10000000,272.80272000,1704067668381,True,True
12413191,0.74760000,11.50000000,8.59740000,1704067668381,False,True
12413192,0.74760000,10.60000000,7.92456000,1704067668381,False,True
12413193,0.74770000,10.50000000,7.85085000,1704067668383,False,True
12413194,0.74770000,10.70000000,8.00039000,1704067668383,False,True
12413195,0.74730000,104.90000000,78.39177000,1704067668383,True,True
12413196,0.74730000,70.90000000,52.98357000,1704067668383,True,True
12413197,0.74720000,52.40000000,39.15328000,1704067668383,True,True
12413198,0.74720000,10.90000000,8.14448000,1704067668383,True,True
12413199,0.74720000,101.60000000,75.91552000,1704067668387,False,True
12413200,0.74770000,104.90000000,78.43373000,1704067668394,False,True
12413201,0.74730000,70.90000000,52.98357000,1704067668396,True,True
12413202,0.74720000,157.30000000,117.53456000,1704067668396,True,True
12413203,0.74720000,89.80000000,67.09856000,1704067668396,True,True
12413204,0.74740000,584.10000000,436.55634000,1704067668408,False,True
12413205,0.74800000,40.50000000,30.29400000,1704067670905,False,True
12413206,0.74840000,69.90000000,52.31316000,1704067670912,False,True
12413207,0.74840000,1.00000000,0.74840000,1704067670994,False,True
12413208,0.74850000,10.90000000,8.15865000,1704067670994,False,True
12413209,0.74850000,10.70000000,8.00895000,1704067670994,False,True
12413210,0.74860000,10.50000000,7.86030000,1704067670994,False,True
12413211,0.74870000,10.60000000,7.93622000,1704067670994,False,True
12413212,0.74860000,22.70000000,16.99322000,1704067671959,False,True
12413213,0.74910000,10.20000000,7.64082000,1704067673125,False,True
12413214,0.74910000,158.50000000,118.73235000,1704067673125,False,True
12413215,0.74910000,120.70000000,90.41637000,1704067673127,False,True
12413216,0.74910000,54.50000000,40.82595000,1704067673130,False,True
12413217,0.74920000,10.30000000,7.71676000,1704067673141,False,True
12413218,0.74950000,164.10000000,122.99295000,1704067673913,True,True
12413219,0.74920000,104.90000000,78.59108000,1704067673914,True,True
12413220,0.74910000,91.10000000,68.24301000,1704067673914,True,True
12413221,0.74870000,32.00000000,23.95840000,1704067674016,True,True
12413222,0.74870000,32.00000000,23.95840000,1704067674016,True,True
12413223,0.74870000,266.00000000,199.15420000,1704067674025,True,True
12413224,0.74870000,32.00000000,23.95840000,1704067674026,True,True
12413225,0.74850000,70.90000000,53.06865000,1704067674185,True,True
12413226,0.74840000,32.00000000,23.94880000,1704067674194,True,True
12413227,0.74820000,70.90000000,53.04738000,1704067675002,True,True
12413228,0.74810000,70.90000000,53.04029000,1704067675002,True,True
12413229,0.74820000,194.70000000,145.67454000,1704067675445,False,True
12413230,0.74820000,38.40000000,28.73088000,1704067675445,False,True
12413231,0.74820000,104.90000000,78.48618000,1704067675445,False,True
12413232,0.74820000,10.80000000,8.08056000,1704067675445,False,True
12413233,0.74830000,191.60000000,143.37428000,1704067675445,False,True
12413234,0.74830000,10.70000000,8.00681000,1704067675445,False,True
12413235,0.74840000,10.60000000,7.93304000,1704067675445,False,True
12413236,0.74850000,10.70000000,8.00895000,1704067675445,False,True
12413237,0.74850000,10.90000000,8.15865000,1704067675445,False,True
12413238,0.74850000,37.20000000,27.84420000,1704067675445,False,True
12413239,0.74860000,10.60000000,7.93516000,1704067675445,False,True
12413240,0.74860000,144.60000000,108.24756000,1704067675445,False,True
12413241,0.74860000,37.20000000,27.84792000,1704067675445,False,True
12413242,0.74870000,10.10000000,7.56187000,1704067675445,False,True
12413243,0.74870000,240.10000000,179.76287000,1704067675445,False,True
12413244,0.74880000,11.00000000,8.23680000,1704067675445,False,True
12413245,0.74890000,10.90000000,8.16301000,1704067675445,False,True
12413246,0.74890000,141.40000000,105.89446000,1704067675445,False,True
12413247,0.74890000,10.80000000,8.08812000,1704067675445,False,True
12413248,0.74900000,138.00000000,103.36200000,1704067675445,False,True
12413249,0.74900000,10.50000000,7.86450000,1704067675445,False,True
12413250,0.74870000,10.80000000,8.08596000,1704067675459,False,True
12413251,0.74870000,142.90000000,106.98923000,1704067675459,False,True
12413252,0.74950000,11.00000000,8.24450000,1704067676061,False,True
12413253,0.74960000,10.90000000,8.17064000,1704067676061,False,True
12413254,0.74960000,4.80000000,3.59808000,1704067676061,False,True
12413255,0.74960000,164.50000000,123.30920000,1704067677256,False,True
12413256,0.75020000,111.80000000,83.87236000,1704067680404,False,True
12413257,0.75020000,111.80000000,83.87236000,1704067680404,False,True
12413258,0.75020000,111.80000000,83.87236000,1704067680404,False,True
12413259,0.75020000,22.20000000,16.65444000,1704067680404,False,True
12413260,0.75020000,89.60000000,67.21792000,1704067680411,False,True
12413261,0.75020000,291.90000000,218.98338000,1704067680446,True,True
12413262,0.75020000,157.30000000,118.00646000,1704067680446,True,True
12413263,0.75010000,192.90000000,144.69429000,1704067680446,True,True
12413264,0.75010000,10.00000000,7.50100000,1704067680446,True,True
12413265,0.75010000,129.00000000,96.76290000,1704067680461,True,True
12413266,0.75010000,138.00000000,103.51380000,1704067680461,True,True
12413267,0.75000000,104.90000000,78.67500000,1704067680461,True,True
12413268,0.75000000,10.40000000,7.80000000,1704067680461,True,True
12413269,0.75000000,33.00000000,24.75000000,1704067680461,True,True
12413270,0.74990000,10.30000000,7.72397000,1704067680461,True,True
12413271,0.74990000,70.80000000,53.09292000,1704067680461,True,True
12413272,0.74980000,11.00000000,8.24780000,1704067680461,True,True
12413273,0.74980000,70.80000000,53.08584000,1704067680461,True,True
12413274,0.74970000,70.80000000,53.07876000,1704067680461,True,True
12413275,0.74970000,10.30000000,7.72191000,1704067680461,True,True
12413276,0.74970000,481.30000000,360.83061000,1704067680461,True,True
12413277,0.74970000,137.60000000,103.15872000,1704067680461,True,True
12413278,0.74960000,374.00000000,280.35040000,1704067680461,True,True
12413279,0.74960000,11.00000000,8.24560000,1704067680461,True,True
12413280,0.74960000,3467.60000000,2599.31296000,1704067680464,False,True
12413281,0.74960000,1928.30000000,1445.45368000,1704067680464,False,True
12413282,0.74950000,10.90000000,8.16955000,1704067680465,True,True
12413283,0.74950000,70.80000000,53.06460000,1704067680465,True,True
12413284,0.74950000,140.80000000,105.52960000,1704067680465,True,True
12413285,0.74960000,546.00000000,409.28160000,1704067680465,False,True
12413286,0.74950000,104.90000000,78.62255000,1704067680467,True,True
12413287,0.74960000,131.10000000,98.27256000,1704067680468,False,True
12413288,0.74970000,70.60000000,52.92882000,1704067680555,True,True
12413289,0.74960000,35.50000000,26.61080000,1704067680555,True,True
12413290,0.74960000,35.10000000,26.31096000,1704067680589,True,True
12413291,0.74960000,11.00000000,8.24560000,1704067680589,True,True
12413292,0.74960000,35.50000000,26.61080000,1704067680589,True,True
12413293,0.74940000,10.80000000,8.09352000,1704067680684,True,True
12413294,0.74940000,10.60000000,7.94364000,1704067680684,True,True
12413295,0.74940000,70.60000000,52.90764000,1704067680684,True,True
12413296,0.74930000,70.60000000,52.90058000,1704067680819,True,True
12413297,0.74920000,11.00000000,8.24120000,1704067680819,True,True
12413298,0.74920000,70.80000000,53.04336000,1704067680819,True,True
12413299,0.74910000,10.40000000,7.79064000,1704067680823,True,True
12413300,0.74900000,10.30000000,7.71470000,1704067680826,True,True
12413301,0.74900000,10.40000000,7.78960000,1704067680826,True,True
12413302,0.74890000,538.50000000,403.28265000,1704067680830,True,True
12413303,0.74890000,10.20000000,7.63878000,1704067680830,True,True
12413304,0.74880000,10.90000000,8.16192000,1704067680885,True,True
12413305,0.74890000,642.80000000,481.39292000,1704067680890,True,True
12413306,0.74870000,10.80000000,8.08596000,1704067680905,True,True
12413307,0.74850000,10.40000000,7.78440000,1704067683065,True,True
12413308,0.74830000,10.20000000,7.63266000,1704067684290,True,True
12413309,0.74820000,10.40000000,7.78128000,1704067684340,True,True
12413310,0.74820000,10.50000000,7.85610000,1704067684340,True,True
12413311,0.74800000,10.40000000,7.77920000,1704067685582,True,True
12413312,0.74790000,70.90000000,53.02611000,1704067685582,True,True
12413313,0.74790000,10.50000000,7.85295000,1704067685582,True,True
12413314,0.74780000,10.60000000,7.92668000,1704067685582,True,True
12413315,0.74780000,70.90000000,53.01902000,1704067685582,True,True
12413316,0.74780000,11.00000000,8.22580000,1704067685582,True,True
12413317,0.74780000,104.90000000,78.44422000,1704067685582,True,True
12413318,0.74770000,10.10000000,7.55177000,1704067685674,True,True
12413319,0.74760000,10.20000000,7.62552000,1704067685674,True,True
12413320,0.74750000,10.70000000,7.99825000,1704067685674,True,True
12413321,0.74750000,104.90000000,78.41275000,1704067685674,True,True
12413322,0.74740000,10.80000000,8.07192000,1704067685703,True,True
12413323,0.74740000,10.80000000,8.07192000,1704067685703,True,True
12413324,0.74790000,70.80000000,52.95132000,1704067690646,False,True
12413325,0.74800000,104.90000000,78.46520000,1704067690646,False,True
12413326,0.74810000,10.50000000,7.85505000,1704067690646,False,True
12413327,0.74810000,10.50000000,7.85505000,1704067690646,False,True
12413328,0.74810000,70.80000000,52.96548000,1704067690646,False,True
12413329,0.74810000,162.80000000,121.79068000,1704067690646,False,True
12413330,0.74810000,183.00000000,136.90230000,1704067690646,False,True
12413331,0.74820000,70.70000000,52.89774000,1704067690646,False,True
12413332,0.74820000,6.00000000,4.48920000,1704067690646,False,True
12413333,0.74820000,4.90000000,3.66618000,1704067690688,False,True
12413334,0.74820000,104.90000000,78.48618000,1704067690688,False,True
12413335,0.74830000,10.80000000,8.08164000,1704067690688,False,True
12413336,0.74830000,70.80000000,52.97964000,1704067690688,False,True
12413337,0.74830000,188.50000000,141.05455000,1704067690688,False,True
12413338,0.74840000,70.70000000,52.91188000,1704067690688,False,True
12413339,0.74840000,10.50000000,7.85820000,1704067690688,False,True
12413340,0.74840000,169.20000000,126.62928000,1704067690688,False,True
12413341,0.74850000,11.00000000,8.23350000,1704067690688,False,True
12413342,0.74850000,70.70000000,52.91895000,1704067690688,False,True
12413343,0.74850000,11.00000000,8.23350000,1704067690688,False,True
12413344,0.74860000,10.90000000,8.15974000,1704067690688,False,True
12413345,0.74860000,70.70000000,52.92602000,1704067690688,False,True
12413346,0.74870000,10.20000000,7.63674000,1704067690688,False,True
12413347,0.74870000,70.70000000,52.93309000,1704067690688,False,True
12413348,0.74870000,444.50000000,332.79715000,1704067690688,False,True
12413349,0.74860000,104.90000000,78.52814000,1704067690697,False,True
12413350,0.74880000,10.60000000,7.93728000,1704067690697,False,True
12413351,0.74880000,13.20000000,9.88416000,1704067690697,False,True
12413352,0.74880000,131.40000000,98.39232000,1704067690697,False,True
12413353,0.74890000,70.70000000,52.94723000,1704067690697,False,True
12413354,0.74890000,10.50000000,7.86345000,1704067690697,False,True
12413355,0.74890000,10.10000000,7.56389000,1704067690697,False,True
12413356,0.74900000,10.40000000,7.78960000,1704067690697,False,True
12413357,0.74900000,70.70000000,52.95430000,1704067690697,False,True
12413358,0.74900000,141.40000000,105.90860000,1704067690697,False,True
12413359,0.74910000,70.70000000,52.96137000,1704067690697,False,True
12413360,0.74910000,10.30000000,7.71573000,1704067690697,False,True
12413361,0.74920000,10.80000000,8.09136000,1704067690697,False,True
12413362,0.74920000,137.30000000,102.86516000,1704067690697,False,True
12413363,0.74930000,70.70000000,52.97551000,1704067690697,False,True
12413364,0.74930000,10.70000000,8.01751000,1704067690697,False,True
12413365,0.74930000,10.70000000,8.01751000,1704067690697,False,True
12413366,0.74930000,563.60000000,422.30548000,1704067690697,False,True
12413367,0.74860000,104.90000000,78.52814000,1704067690699,False,True
12413368,0.74920000,104.90000000,78.59108000,1704067690701,True,True
12413369,0.74920000,471.80000000,353.47256000,1704067690701,True,True
12413370,0.74870000,138.00000000,103.32060000,1704067690702,False,True
12413371,0.74920000,538.50000000,403.44420000,1704067690702,False,True
12413372,0.74930000,242.30000000,181.55539000,1704067690702,False,True
12413373,0.74860000,138.00000000,103.30680000,1704067690708,False,True
12413374,0.74930000,902.00000000,675.86860000,1704067690708,False,True
12413375,0.74900000,11.00000000,8.23900000,1704067690782,False,True
12413376,0.74900000,538.50000000,403.33650000,1704067690782,False,True
12413377,0.74910000,10.90000000,8.16519000,1704067690782,False,True
12413378,0.74910000,371.40000000,278.21574000,1704067690782,False,True
12413379,0.74910000,1330.00000000,996.30300000,1704067690794,False,True
12413380,0.74860000,70.80000000,53.00088000,1704067690810,True,True
12413381,0.74850000,33.90000000,25.37415000,1704067690810,True,True
12413382,0.74850000,70.90000000,53.06865000,1704067690810,True,True
12413383,0.74850000,32.80000000,24.55080000,1704067690810,True,True
12413384,0.74840000,70.80000000,52.98672000,1704067690810,True,True
12413385,0.74840000,10.60000000,7.93304000,1704067690810,True,True
12413386,0.74830000,157.30000000,117.70759000,1704067690810,True,True
12413387,0.74830000,10.50000000,7.85715000,1704067690810,True,True
12413388,0.74820000,70.80000000,52.97256000,1704067690810,True,True
12413389,0.74820000,10.40000000,7.78128000,1704067690810,True,True
12413390,0.74810000,70.80000000,52.96548000,1704067690810,True,True
12413391,0.74810000,80.40000000,60.14724000,1704067690810,True,True
12413392,0.74900000,197.90000000,148.22710000,1704067690829,False,True
12413393,0.74900000,151.70000000,113.62330000,1704067690829,False,True
12413394,0.74870000,70.70000000,52.93309000,1704067690950,True,True
12413395,0.74860000,157.30000000,117.75478000,1704067690950,True,True
12413396,0.74860000,138.00000000,103.30680000,1704067690950,True,True
12413397,0.74850000,70.70000000,52.91895000,1704067690950,True,True
12413398,0.74850000,166.90000000,124.92465000,1704067690950,True,True
12413399,0.74850000,10.80000000,8.08380000,1704067690950,True,True
12413400,0.74840000,125.60000000,93.99904000,1704067690950,True,True
12413401,0.74840000,16.00000000,11.97440000,1704067690962,True,True
12413402,0.74840000,10.70000000,8.00788000,1704067690962,True,True
12413403,0.74840000,70.70000000,52.91188000,1704067690962,True,True
12413404,0.74840000,32.60000000,24.39784000,1704067690962,True,True
12413405,0.74840000,1.70000000,1.27228000,1704067691041,True,True
12413406,0.74830000,10.60000000,7.93198000,1704067691041,True,True
12413407,0.74830000,82.30000000,61.58509000,1704067691041,True,True
12413408,0.74820000,70.70000000,52.89774000,1704067691041,True,True
12413409,0.74820000,10.50000000,7.85610000,1704067691041,True,True
12413410,0.74820000,10.10000000,7.55682000,1704067691041,True,True
12413411,0.74820000,180.60000000,135.12492000,1704067691041,True,True
12413412,0.74810000,59.90000000,44.81119000,1704067691041,True,True
12413413,0.74810000,10.30000000,7.70543000,1704067691041,True,True
12413414,0.74810000,3.30000000,2.46873000,1704067691041,True,True
12413415,0.74840000,10.40000000,7.78336000,1704067691055,True,True
12413416,0.74870000,188.00000000,140.75560000,1704067695590,False,True
12413417,0.74900000,10.80000000,8.08920000,1704067697776,True,True
12413418,0.74900000,95.50000000,71.52950000,1704067697776,True,True
12413419,0.74930000,10.70000000,8.01751000,1704067698441,False,True
12413420,0.74930000,10.40000000,7.79272000,1704067698441,False,True
12413421,0.74930000,168.30000000,126.10719000,1704067698441,False,True
12413422,0.74930000,171.20000000,128.28016000,1704067698441,False,True
12413423,0.74930000,128.60000000,96.35998000,1704067698441,False,True
12413424,0.74910000,144.60000000,108.31986000,1704067698577,True,True
12413425,0.74940000,139.00000000,104.16660000,1704067700605,True,True
12413426,0.74930000,40.50000000,30.34665000,1704067700608,True,True
12413427,0.74920000,10.30000000,7.71676000,1704067700612,True,True
12413428,0.74910000,10.20000000,7.64082000,1704067700694,True,True
12413429,0.74910000,142.60000000,106.82166000,1704067700694,True,True
12413430,0.74900000,11.00000000,8.23900000,1704067700699,True,True
12413431,0.74890000,10.70000000,8.01323000,1704067700702,True,True
12413432,0.74890000,104.90000000,78.55961000,1704067700702,True,True
12413433,0.74900000,179.70000000,134.59530000,1704067701494,False,True
12413434,0.74920000,10.30000000,7.71676000,1704067702395,True,True
12413435,0.74910000,10.20000000,7.64082000,1704067702509,True,True
12413436,0.74900000,11.00000000,8.23900000,1704067702512,True,True
12413437,0.74900000,104.90000000,78.57010000,1704067702512,True,True
12413438,0.74890000,139.00000000,104.09710000,1704067703195,True,True
12413439,0.74890000,10.90000000,8.16301000,1704067703195,True,True
12413440,0.74880000,24.90000000,18.64512000,1704067703199,True,True
12413441,0.74880000,10.70000000,8.01216000,1704067703199,True,True
12413442,0.74870000,11.00000000,8.23570000,1704067703203,True,True
12413443,0.74870000,104.90000000,78.53863000,1704067703203,True,True
12413444,0.74880000,61.90000000,46.35072000,1704067703755,False,True
12413445,0.74920000,139.00000000,104.13880000,1704067716655,True,True
12413446,0.74910000,871.80000000,653.06538000,1704067717286,True,True
12413447,0.74910000,538.50000000,403.39035000,1704067717286,True,True
12413448,0.74910000,486.80000000,364.66188000,1704067717286,True,True
12413449,0.74910000,1425.00000000,1067.46750000,1704067717290,True,True
12413450,0.74910000,15.20000000,11.38632000,1704067717290,True,True
12413451,0.74900000,60.20000000,45.08980000,1704067717291,True,True
12413452,0.74830000,40.70000000,30.45581000,1704067720851,True,True
12413453,0.74820000,10.20000000,7.63164000,1704067720902,True,True
12413454,0.74820000,10.30000000,7.70646000,1704067720902,True,True
12413455,0.74810000,10.90000000,8.15429000,1704067721193,True,True
12413456,0.74810000,97.60000000,73.01456000,1704067722156,False,True
12413457,0.74850000,10.90000000,8.15865000,1704067727229,False,True
12413458,0.74900000,139.00000000,104.11100000,1704067735550,True,True
12413459,0.74870000,70.80000000,53.00796000,1704067739918,False,True
12413460,0.74880000,104.90000000,78.54912000,1704067739918,False,True
12413461,0.74880000,10.30000000,7.71264000,1704067739918,False,True
12413462,0.74880000,163.90000000,122.72832000,1704067739918,False,True
12413463,0.74880000,17.80000000,13.32864000,1704067742529,False,True
12413464,0.74890000,10.10000000,7.56389000,1704067742529,False,True
12413465,0.74890000,70.80000000,53.02212000,1704067742529,False,True
12413466,0.74890000,104.90000000,78.55961000,1704067742529,False,True
12413467,0.74900000,11.00000000,8.23900000,1704067742529,False,True
12413468,0.74900000,70.80000000,53.02920000,1704067742529,False,True
12413469,0.74900000,33.80000000,25.31620000,1704067742529,False,True
12413470,0.74910000,185.70000000,139.10787000,1704067742529,False,True
12413471,0.74920000,8.60000000,6.44312000,1704067757799,False,True
12413472,0.74930000,70.70000000,52.97551000,1704067757799,False,True
12413473,0.74940000,70.70000000,52.98258000,1704067757799,False,True
12413474,0.74940000,85.40000000,63.99876000,1704067757799,False,True
12413475,0.74950000,10.20000000,7.64490000,1704067757809,False,True
12413476,0.74950000,272.70000000,204.38865000,1704067757809,False,True
12413477,0.74950000,104.90000000,78.62255000,1704067757821,False,True
12413478,0.74960000,82.30000000,61.69208000,1704067757821,False,True
12413479,0.74960000,269.80000000,202.24208000,1704067757823,False,True
12413480,0.74960000,405.10000000,303.66296000,1704067757825,False,True
12413481,0.74960000,319.80000000,239.72208000,1704067757842,False,True
12413482,0.74960000,918.80000000,688.73248000,1704067757844,False,True
12413483,0.74960000,174.20000000,130.58032000,1704067757846,False,True
12413484,0.74960000,691.30000000,518.19848000,1704067764908,False,True
12413485,0.74960000,586.80000000,439.86528000,1704067767527,False,True
12413486,0.74960000,199.30000000,149.39528000,1704067767528,False,True
12413487,0.74960000,196.00000000,146.92160000,1704067770201,False,True
12413488,0.74960000,429.80000000,322.17808000,1704067770359,False,True
12413489,0.74960000,538.50000000,403.65960000,1704067770362,False,True
12413490,0.74960000,247.70000000,185.67592000,1704067770362,False,True
12413491,0.74960000,408.00000000,305.83680000,1704067770365,False,True
12413492,0.74960000,195.10000000,146.24696000,1704067770366,False,True
12413493,0.74960000,95.70000000,71.73672000,1704067770366,False,True
12413494,0.74990000,187.00000000,140.23130000,1704067771174,True,True
12413495,0.74980000,139.00000000,104.22220000,1704067771201,True,True
12413496,0.74980000,177.00000000,132.71460000,1704067773701,True,True
12413497,0.74970000,70.70000000,53.00379000,1704067773701,True,True
12413498,0.74960000,70.70000000,52.99672000,1704067773706,True,True
12413499,0.74950000,10.60000000,7.94470000,1704067773707,True,True
12413500,0.74950000,70.70000000,52.98965000,1704067773707,True,True
12413501,0.74940000,11.00000000,8.24340000,1704067773711,True,True
12413502,0.74940000,70.70000000,52.98258000,1704067773711,True,True
12413503,0.74940000,11.00000000,8.24340000,1704067773711,True,True
12413504,0.74930000,10.90000000,8.16737000,1704067774740,True,True
12413505,0.74930000,168.00000000,125.88240000,1704067774740,True,True
12413506,0.74910000,10.60000000,7.94046000,1704067774902,True,True
12413507,0.74910000,2562.30000000,1919.41893000,1704067774902,True,True
12413508,0.74910000,160.00000000,119.85600000,1704067774947,True,True
12413509,0.74890000,11.00000000,8.23790000,1704067775093,True,True
12413510,0.74910000,104.90000000,78.58059000,1704067780225,True,True
12413511,0.74910000,10.90000000,8.16519000,1704067780225,True,True
12413512,0.74990000,50.10000000,37.56999000,1704067786153,False,True
12413513,0.74980000,50.10000000,37.56498000,1704067786421,True,True
12413514,0.74980000,134.10000000,100.54818000,1704067787409,True,True
12413515,0.74980000,21.30000000,15.97074000,1704067788081,False,True
12413516,0.74960000,10.80000000,8.09568000,1704067789717,True,True
12413517,0.74960000,80.60000000,60.41776000,1704067789717,True,True
12413518,0.74950000,104.90000000,78.62255000,1704067789724,True,True
12413519,0.74950000,10.70000000,8.01965000,1704067789724,True,True
12413520,0.74950000,70.60000000,52.91470000,1704067789724,True,True
